1981 2540
146 267 305 307 divitium
318 265 539 311 immensae,
570 265 665 304 vitae
687 263 846 318 mollitia
867 276 912 304 ac
933 264 1082 315 luxuria
1104 264 1364 304 a'dVRomanos
1383 262 1601 303 'redundare
1632 276 1767 316 coepe-

143 327 430 379 runt-nec·.ulla
454 341 544 380 gens
568 329 616 366 iis
634 329 718 373 iam
740 329 912 366 resistere
933 328 1076 378 potuitx
1100 329 1219 379 magis
1244 328 1437 379 magisque
1461 327 1617 379 antiqua
1632 326 1766 364 Roma?

142 397 300 431 mrum?
318 391 533 443 frugalitas,
553 396 557 427 ἶ
575 391 808 429 coutinentia
847 402 891 426 ac
928 389 1107 436 fortitudo
1145 404 1216 442 per
1244 391 1456 443 *voluptates
1496 398 1533 427 et
1571 388 1763 427 avaritiam

143 460 318 506 compta
341 464 455 506 atque
479 463 664 498 enervata,
688 452 830 504 patriae
854 463 970 496 amor,
994 451 1215 503 principalis
1246 465 1351 492 antea
1374 454 1545 494 omnium
1569 452 1765 497 virtutum,

142 517 411 570 magnitudinis
432 516 650 569 gloriaeque
671 515 774 563 fons,
809 527 851 553 ex
875 513 1138 552 humilioribus
1167 515 1329 566 ingeniis
1363 527 1400 554 et
1421 530 1492 569 per
1520 514 1763 566 voluptatum

141 580 362 632 cupidinem
397 592 470 618 seu
487 578 669 617 luxuriam
691 588 729 617 et
752 578 963 631 avaritiam,
996 589 1042 615 ex
1072 576 1323 616 nobilioribus
1347 592 1434 616 vero
1457 593 1526 629 per
1547 575 1766 630 imperandi

140 641 373 694 cupidinem'
392 655 459 680 seu
492 642 736 680 ambitionem
762 650 818 678 est
840 627 1016 692 expulsus
1058 649 1096 678 et
1116 640 1254 693 religio
1279 640 1443 692 denique
1473 642 1523 678 ita
1554 641 1761 685 consenuit,

139 713 181 743 ut
204 717 390 742 summum
428 705 509 742 eius
562 704 747 742 solemnes
788 705 1036 741 caerimoniae
1061 705 1168 755 quasi
1198 704 1246 742 ad
1269 703 1556 742 multitudinem
1576 704 1761 754 intempe-

138 776 282 804 rantem
305 766 550 808 coercendam
574 779 596 802 a
611 766 708 803 =viris
733 765 963 816 sapientibus
1005 767 1148 816 optime
1179 767 1370 804 institutae
1405 767 1659 804 retinerentur
1684 767 1760 810 ¹⁰⁸).

132 891 385 940 Romanorum
409 891 562 927 avaritia
581 891 816 928 Graecorum
841 904 992 942 quoque
1018 892 1155 944 templa
1179 902 1217 930 et
1240 906 1372 930 eorum
1403 906 1464 929 res
1498 905 1624 929 sacrae
1659 891 1759 929 ultra

132 965 210 990 non
240 962 346 990 erant
370 961 469 999 tuta,
500 952 566 990 sed
602 954 686 991 sine
717 952 793 991 ulla
817 953 984 991 Deorum
1009 955 1163 991 ratione
1178 954 1408 992 Graecorum
1433 966 1586 1005 quoque
1608 951 1754 1003 templa

133 1008 358 1053 sanctissima
378 1028 562 1067 quaeque,
578 1016 678 1067 quia
702 1014 831 1053 eadem
855 1025 962 1053 erant
984 1015 1180 1062 ditissima,
1204 1030 1226 1053 a
1247 1017 1423 1053 Romanis
1448 1015 1757 1067 exspoliabantur.

132 1078 236 1116 Sulla
259 1081 375 1124 euim,
400 1081 528 1131 quum,
552 1081 680 1121 Asiam
705 1089 743 1117 et
768 1080 964 1117 Graeciam
989 1093 1011 1116 a
1037 1078 1258 1117 Mithridate
1284 1087 1427 1130 ereptas
1452 1088 1496 1116 ut
1506 1086 1757 1131 recuperaret}

131 1142 220 1178 Asia
242 1143 435 1192 provincia
458 1152 497 1181 et
521 1142 664 1180 bellum
690 1142 986 1181 Mithridaticum
1021 1145 1056 1180 ei
1089 1153 1183 1181 esset
1216 1143 1363 1188 datum,
1389 1140 1492 1181 dum'
1515 1153 1631 1181 totam
1664 1146 1754 1181 anni

130 1204 344 1254 octogesimi
379 1205 528 1256 septimi
558 1218 590 1244 a.
625 1205 696 1244 Ch.
729 1213 902 1243 aestatem
931 1207 974 1242 in
1004 1205 1234 1243 Athenarum
1267 1206 1362 1243 urbe
1392 1216 1431 1244 et
1461 1215 1574 1257 portu
1607 1206 1754 1244 Piraeei

134 1266 387 1317 expugnandis
427 1267 631 1312 consumit,
670 1280 742 1305 neo
779 1266 889 1318 lignis
924 1269 966 1305 in
999 1267 1092 1306 lucis
1122 1270 1236 1306 sacris
1274 1282 1367 1314 nec,
1398 1278 1442 1306 ut
1465 1270 1538 1307 sibi
1564 1268 1688 1306 ltaliae
1713 1280 1753 1307 et

131 1330 268 1367 Romae
291 1331 426 1381 opibus
447 1330 596 1369 excluso
619 1333 798 1382 pecunias
834 1330 882 1368 ad
904 1331 1050 1369 bellum
1072 1331 1278 1384 gerendum
1307 1333 1530 1369 necessarias
1561 1345 1753 1384 compara-

128 1402 198 1437 νει,
237 1392 463 1443 Epidauria,
509 1393 711 1444 Olympiae
744 1404 782 1432 et
812 1388 1050 1447 Delphorum
1080 1397 1193 1434 sacris
1236 1396 1416 1434 thesauris
1455 1396 1647 1435 abstinuit.
1705 1397 1753 1433 Et

128 1454 270 1506 rapinis
294 1455 429 1492 adiecit
445 1455 732 1495 cavillationem.
765 1457 860 1495 Nam
882 1458 1066 1510 Apollinis
1081 1457 1235 1509 Delphii
1260 1457 1514 1495 sacerdotibus
1541 1470 1659 1509 quum
1683 1471 1753 1510 per

128 1517 301 1554 nuntium
336 1517 483 1567 Caphin
521 1518 749 1556 Phocensem
787 1534 831 1559 ac
861 1521 1003 1560 litteras
1034 1523 1106 1560 sibi
1132 1536 1190 1560 res
1214 1536 1351 1570 sacras,
1384 1515 1563 1574 quoniam
1587 1522 1689 1574 apud
1713 1537 1752 1560 se

128 1579 280 1617 tutiores
305 1588 444 1624 esseut,
474 1580 621 1616 mittere
645 1581 734 1618 iussi
758 1595 819 1620 res
857 1585 1030 1636 Apollini
1053 1599 1172 1623 sacras
1197 1587 1237 1622 in
1272 1585 1435 1622 hominis
1469 1585 1626 1622 alicuius
1657 1595 1751 1622 tute-

126 1641 204 1679 lam
227 1655 269 1679 ac
293 1651 516 1693 potestatem·
549 1641 645 1680 tradi
670 1644 771 1683 nefas
797 1659 895 1693 esse,
928 1648 1073 1700 aliquot
1105 1662 1257 1701 quoque
1291 1647 1499 1687 sacerdotes
1532 1648 1748 1701 Apollinem

129 1718 175 1741 ex
198 1704 307 1753 adyto
331 1703 494 1742 audiisse
517 1706 798 1745 citharizantem
823 1719 935 1761 atque
960 1711 1207 1762 denegantem
1232 1712 1522 1763 respondissent,
1547 1713 1618 1749 hoc
1642 1712 1748 1749 dedit

127 1769 366 1819 responsum,
400 1780 439 1805 se
462 1767 569 1806 valde
593 1769 746 1816 mirari,
779 1772 884 1823 quod
918 1782 956 1810 et
989 1774 1062 1825 ipsi
1089 1785 1126 1813 et
1151 1774 1291 1827 Caphis
1316 1773 1612 1825 illos-Apollinis
1635 1786 1745 1812 sonos

129 1839 205 1867 tam
227 1829 328 1868 male
356 1830 715 1882 intorpretarentur3
747 1834 964 1884 Apollinem
1000 1837 1102 1873 enim
1126 1837 1280 1874 minime
1305 1850 1412 1887 aegre
1435 1837 1544 1881 serre,
1559 1835 1633 1872 'sed
1657 1848 1748 1886 gau-

129 1891 233 1929 dium
257 1894 454 1945 percipere
478 1903 588 1945 atque
611 1908 703 1945 prae
727 1896 862 1946 gaudio
888 1897 1110 1943 citharizari,
1136 1898 1239 1950 quod
1263 1899 1446 1936 thesauros
1472 1898 1545 1935 sibi
1574 1899 1749 1936 commit-

129 1963 206 1991 tere
230 1954 350 1991 iussus
376 1966 471 1994 esset
495 1955 572 2002 ²⁰⁶).
623 1957 746 2004 Quam
769 1960 808 1995 in
833 1973 997 1998 summos
1024 1961 1253 1999 Graecorum
1277 1962 1364 1999 deos
1389 1953 1622 2012 impietatem
1642 1960 1746 2000 Sulla

189 2141 249 2186 ¹⁰⁵)
275 2141 407 2189 Optime
438 2143 518 2177 hane
541 2143 760 2179 Romanorum
784 2144 1044 2192 depravationem
1069 2149 1195 2184 Sallust.
1229 2149 1297 2185 Cat.
1338 2150 1365 2193 §.
1397 2162 1495 2186 ιο-
1512 2150 1554 2191 ιά
1582 2150 1744 2198 explicuit.

185 2203 254 2253 ²⁰⁶)
279 2208 366 2245 Plut.
390 2208 479 2254 Sylla
503 2218 560 2245 22.
585 2209 684 2244 Paus.
709 2209 755 2244 de
778 2210 866 2245 bello
892 2212 1039 2248 Mitlirid.
