1981 2540
801 152 1143 200 ...ιτα

153 262 303 306 citavit,
336 259 611 297 demonstratur
643 254 704 305 ⁴⁶).
769 255 823 293 Ut
855 254 1007 293 lunonis
1036 261 1074 292 et
1105 249 1320 290 Artemidos
1351 250 1435 288 fana
1467 250 1509 288 iu
1533 249 1643 288 Samo
1667 248 1789 287 insula

154 325 373 378 Terraeque
411 321 536 358 matris
569 318 750 371 templum
783 319 833 356 in,
849 317 1052 355 Hermione
1079 324 1118 353 et
1147 314 1251 352 locos
1284 328 1306 352 a
1335 312 1622 353 Wachsmuthio
1656 311 1703 348 de
1727 312 1788 348 his

163 386 306 431 citatos,
331 398 380 423 ne
402 383 572 423 refutatio
588 391 714 421 nostra
737 376 787 419 sit
809 379 943 427 taedio,
964 378 1313 430 praetermittamus,
1337 375 1569 428 praesertim,
1595 386 1712 425 quum
1735 371 1790 419 id,

163 447 266 500 quod
293 447 480 486 Wachsm.
503 445 652 490 statuit,
685 454 926 494 nequaquam
960 439 1050 477 inde
1082 440 1362 490 comprobatum
1393 438 1463 477 sed
1494 438 1614 476 solam
1651 436 1789 474 horum

163 511 334 548 fanorum
358 509 591 547 sanctitatum
614 505 902 543 demonstratam
927 501 1137 547 videamus,
1162 499 1210 538 ad
1234 514 1276 538 ea
1301 502 1374 538 iam
1400 500 1475 540 duo
1503 497 1665 552 templa,
1692 510 1788 550 quae

162 582 312 618 restant,
337 569 632 622 progrediamur.
668 568 728 605 De
745 566 906 619 Ephesio
932 566 1075 603 Dianae
1100 562 1239 614 templo
1259 564 1488 600 sanctissimo
1506 562 1728 600 Plutarchus
1737 562 1788 604 ⁴⁷)

162 634 366 673 memoriae
390 630 579 685 prodidit,
609 631 771 668 Dianam
795 629 867 667 hoc
891 629 933 666 iu
957 628 1045 665 sano
1072 626 1255 666 obaeratis
1292 624 1439 662 ἀσυλίαν
1469 625 1526 661 καὶ
1561 625 1680 662 ἄδειαν
1715 623 1786 660 ἀπὸ

162 699 233 733 τῶν
265 695 407 732 δανείων
436 693 659 745 praebuisse.
722 692 809 735 ,Hoc
842 693 929 728 sane
959 688 1105 740 aliquid
1144 686 1328 725 eiusmodi
1362 699 1441 723 esse
1471 685 1642 729 videtur,
1680 685 1785 735 quod

163 755 439 796 Wachsmuthii
469 754 692 793 sententiam
723 752 963 803 comprobare
1000 751 1126 802 possit.
1190 752 1363 786 Attamen
1394 748 1478 799 quis
1509 756 1583 790 est,
1609 747 1676 797 qui
1710 758 1788 783 non

166 819 300 865 videat,
323 819 421 856 hanc
447 831 525 854 esse
550 816 743 866 religionis
775 814 1087 866 depravationem,
1114 813 1173 849 eui
1199 825 1275 848 non
1301 812 1347 847 iis
1373 809 1624 860 temporibus,
1653 808 1790 859 quibus

170 881 395 919 Graecorum
419 877 552 929 religio
577 876 698 915 adhuc
722 875 918 914 incolumis
942 875 1070 919 stabat,
1095 874 1161 910 sed
1187 884 1262 910 tum
1289 861 1466 923 temporis
1481 871 1646 916 demum,
1671 883 1791 922 quum

167 956 237 995 per
260 943 455 980 hominum
481 939 702 991 cupiditates
728 937 950 990 templorum
975 937 1143 973 sanctitas
1178 934 1346 985 undique
1371 944 1545 984 corrupta
1570 943 1608 970 et
1641 933 1683 969 in
1709 933 1790 969 vul-

171 1018 298 1056 garem
342 1016 384 1041 ac
417 1002 619 1056 profanum
653 1015 761 1039 usum
793 1012 969 1038 conversa
1005 1006 1102 1042 erat,
1139 996 1241 1034 locus
1280 995 1401 1033 suerit.
1460 994 1571 1041 Quod
1603 1005 1791 1045 postremo

170 1067 338 1106 Athenae
362 1065 478 1103 Aleae
503 1064 687 1115 templum
711 1065 754 1100 iu
778 1063 902 1112 Tegea
920 1061 1061 1104 attinet,
1086 1059 1161 1095 huc
1182 1059 1389 1102 Pausanias,
1415 1069 1533 1107 quum
1552 1056 1792 1107 desperasset,

170 1129 263 1175 fore,
286 1138 332 1167 nt
357 1129 497 1167 civibus
521 1127 608 1173 suis,
632 1140 670 1164 se
694 1139 772 1164 non
795 1125 869 1163 nisi
893 1137 1021 1161 rerum
1045 1121 1260 1159 necessitate
1285 1129 1456 1157 coactum
1491 1127 1577 1170 post
1605 1117 1795 1156 infelicem

172 1191 454 1241 adHaliartum
480 1203 665 1242 pugnam,
700 1190 740 1225 in
773 1178 856 1237 qua*
876 1187 1016 1224 occisus
1051 1194 1130 1221 erat
1161 1181 1371 1232 Lysander,
1403 1181 1450 1217 ab
1480 1180 1584 1217 omni
1608 1181 1646 1216 in
1674 1181 1795 1217 hostes

174 1256 318 1306 impetu
372 1252 593 1290 abstinuisse
646 1249 890 1298 induciasque
928 1246 1070 1289 secisse,
1118 1243 1378 1295 persuaderet,
1428 1241 1613 1279 iudicium
1662 1254 1793 1279 eorum

175 1318 355 1353 iratorum
380 1313 482 1351 haud
506 1313 642 1350 iniuria
668 1313 801 1348 timens
827 1309 1055 1357 confugit'et
1079 1316 1249 1356 receptus
1274 1315 1338 1342 est.
1388 1304 1584 1341 Pausanias
1608 1303 1694 1348 ille,
1726 1305 1794 1355 qui

178 1377 371 1414 Graeciam
398 1375 605 1425 descripsit,
646 1370 730 1409 »Ἦν
766 1372 804 1408 δὲ
840 1371 909 1419 ἄρα
934 1370 973 1406 τὸ
1000 1369 1093 1415 ἱερὸν
1117 1371 1271 1411 τοῦτο,ι
1310 1366 1437 1417 inquit
1458 1367 1524 1410 ¹⁴⁸),
1554 1366 1611 1401 »Zac
1646 1369 1795 1402 παλαιοῦ

176 1439 470 1485 Πελοποννησίοις
492 1440 598 1473 πᾶσιν
621 1435 808 1480 αἰδέσιμον,
835 1434 890 1470 καὶ
916 1437 989 1473 τοῖς
1023 1430 1151 1466 ἀυτόθι
1185 1428 1390 1465 ἱκετεύουσιν
1431 1427 1623 1475 ἀσφάλειαν
1644 1426 1797 1472 μάλιστα

174 1501 366 1549 παρείχετο·
392 1497 568 1546 ἔδήλωσάν
592 1511 628 1533 τε
653 1497 722 1532 οἰ’τε
746 1492 1014 1539 Λακεδαιμόνιοι
1040 1491 1101 1528 τὸν
1133 1491 1337 1533 Παυςανίαν
1360 1487 1416 1525 icat
1442 1489 1588 1537 Ἀργεῖοι
1612 1489 1796 1537 Χρυσίδαν

174 1562 425 1606 καθεζομένους
447 1560 600 1595 ἐνταῦθα
625 1558 739 1599 ἱκέτας
763 1556 844 1592 οὐδὲ
868 1555 980 1603 ἀρχὴν
1004 1556 1177 1601 ἐξαιτῆσαι
1208 1552 1453 1599 θελήσαντες.«
1506 1551 1660 1588 Summa
1685 1551 1796 1600 igitur

176 1623 284 1660 fuisse
317 1622 388 1660 hoc
421 1620 584 1658 Athenae
609 1617 721 1656 Aleae
749 1617 927 1668 templum
955 1618 995 1654 in
1020 1616 1143 1665 Tegea
1168 1614 1349 1664 religione
1384 1627 1427 1651 ac
1461 1613 1651 1651 sanctitate
1686 1626 1792 1650 nemo

249 1761 295 1808 ¹⁸⁶)
321 1764 422 1809 Quod
446 1765 507 1797 hoc
532 1775 667 1810 quoque
692 1762 856 1797 Strabonis
881 1761 1061 1794 testimonio
1087 1757 1329 1805 comprobatur:

363 1810 481 1847 ‘'Ovtm
497 1808 527 1845 δ’
553 1808 780 1855 ἐπεκράτησεν
803 1806 824 1854 ἦ
853 1806 933 1852 τιμή
959 1810 1020 1842 τοῦ
1045 1809 1133 1842 θεοῦ
1150 1804 1276 1840 τούτου
1300 1802 1396 1850 παρὰ
1412 1808 1484 1844 τοῖς
1499 1801 1676 1848 ‘'El-inoff,
1705 1801 1794 1838 ὥστε

374 1860 429 1894 καὶ
466 1856 668 1898 Μακεδόνες
713 1855 976 1895 δυναστεύοντες
1011 1854 1072 1900 ἤδε
1106 1853 1207 1898 μέχρι
1242 1853 1341 1896 δεῦρο
1374 1847 1582 1897 ἐφύλαττόν,
1620 1863 1694 1893 πως
1731 1849 1795 1895 τὴν

376 1906 521 1943 ἀσυλίαν
555 1905 610 1940 καὶ
647 1903 729 1945 τοὺς
765 1903 877 1944 ἱκέτας
913 1902 1074 1937 ἀποσπᾶν
1097 1900 1245 1948 ᾐδοῦντο
1282 1897 1362 1939 τοὺς
1386 1899 1433 1938 εἰς
1456 1897 1662 1942 Καλαυρίαν
1686 1910 1796 1933 κατα-

376 1953 560 2002 φυγόντας·
597 1951 684 1987 ὅπου
708 1965 747 1997 γε
797 1951 876 1986 οὐδὲ
912 1948 1127 1995 Δημοσθένη
1159 1946 1368 1993 ἐθάρρησεν
1399 1944 1554 1991 Ἀρχίας
1599 1943 1797 1988 βιάσασθαι

376 2000 586 2048 ςτρατιώτας
633 1999 739 2044 ἔχων,
778 1997 817 2039 ὃς
841 1997 1089 2045 προσετέτακτο
1125 1992 1193 2030 ὖπδ
1225 1990 1452 2039 Ἀντιπάτρου
1510 1993 1622 2035 ζῶντα
1658 1991 1797 2039 ἀγαγεῖν

374 2050 527 2086 κάκεῖνον
552 2076 560 2084 .
588 2076 596 2084 .
623 2075 632 2084 .
659 2045 745 2083 ἀλλὰ
771 2046 903 2083 πείθειν
926 2044 1094 2092 ἐπειρᾶτο.
1145 2043 1260 2078 Strabo
1286 2038 1375 2079 vill.
1401 2054 1430 2078 e.
1455 2041 1515 2076 vl.

255 2114 306 2156 ⁴⁷)
330 2116 382 2148 De
407 2114 540 2146 vitandis
564 2113 667 2147 usuris
693 2124 725 2154 9.
775 2112 856 2154 293.

257 2176 302 2222 ³⁸)
330 2175 383 2211 ΙΙΙ.
410 2189 437 2209 c.
466 2177 496 2210 5.
548 2175 575 2216 ᾗ.
602 2177 658 2219 67.
686 2173 770 2211 conf.
796 2172 979 2219 Xenophon
1004 2171 1077 2206 hist.
1102 2169 1218 2205 Graec.
1242 2165 1302 2203 111.
1330 2169 1388 2205 25.
1411 2168 1497 2202 Plut.
1522 2166 1659 2213 Lysand.

1315 2236 1339 2271 3
