1981 2540
913 126 934 141 N

805 157 1156 213 -μω-

159 264 321 302 Senatus
344 263 531 301 maiorum
566 262 765 306 beneficia,
798 263 986 299 sociorum
1018 271 1144 313 pacta,
1169 263 1306 312 'regum
1332 261 1467 307 etiam,
1499 263 1566 314 qui
1597 270 1681 299 ante
1710 261 1794 303 fvim

159 325 369 365 Romanam
394 326 601 370 valuerant,
628 324 774 361 decreta
797 324 1051 376 introspexit.“
1081 324 1254 361 Attamen
1279 321 1382 360 idem
1401 323 1553 362 Tacitus
1577 325 1618 362 id
1643 336 1795 377 quoque

162 388 328 426 addidit:
361 388 554 438 „ipsorum
591 387 791 423 numinum
823 386 1025 436 religiones
1050 386 1313 435 introspexit‚“
1337 395 1374 422 et
1397 385 1501 435 prius
1526 386 1604 422 iam
1627 386 1792 425 dixerut

161 450 315 498 „multis
340 449 489 487 vetustis
514 449 844 500 superstitionibus
869 448 1068 497 fidebant.“
1116 447 1229 486 Multi
1253 447 1418 500 profecto
1443 446 1541 485 nihil
1566 447 1690 490 aliud,
1720 449 1794 487 nisi

162 514 334 563 antiquas
359 511 562 562 religiones
588 511 757 563 proferre
783 518 994 562 potuerunt.
1023 508 1086 558 ¹¹⁶)
1133 510 1284 546 Livium
1320 518 1427 546 antea
1451 508 1499 546 de
1532 507 1626 546 Delo
1651 509 1792 553 insulas

140 575 360 622 ,sanctitas
387 572 521 627 templi
546 574 766 625 insulaeque
791 572 869 611 sola
898 571 1092 609 inviolatos
1131 584 1260 609 omnes
1289 573 1531 623 praestabat“
1578 571 1714 610 dixisse
1748 573 1790 610 in

158 639 384 675 memoriam
406 638 666 674 revocaverim.
715 636 848 673 Nonne
879 633 1099 671 Plutarchus
1134 646 1306 685 quoque,
1331 635 1397 671 uhi
1421 634 1587 685 plurima
1613 635 1791 677 Graeciae

159 699 304 751 templa
329 700 577 743 sanctissima,
605 711 700 749 quae
724 696 930 749 praedones
955 696 1134 734 maritimi
1157 696 1417 747 diripuissent,
1443 705 1485 734 ut
1508 706 1616 733 antea
1640 709 1792 748 compe-

158 763 301 807 rimus,
327 769 536 807 enumerat,
565 761 654 797 haec
677 760 761 797 sana
786 759 897 810 Asyla
922 769 960 796 et
983 759 1087 810 prius
1112 759 1296 796 inaccessa
1322 759 1452 804 (ἄσυλα
1475 759 1532 796 καὶ
1556 758 1673 805 ἄβατα
1697 758 1790 808 ἱερά)

159 825 388 867 nominavit,
413 836 483 859 nec
508 836 593 860 vero
609 822 770 866 decreta,
796 822 933 873 quibus
958 821 1030 859 hoc
1056 821 1148 872 asyli
1172 823 1228 858 ius
1254 822 1299 858 iis
1324 830 1540 868 concessum
1559 830 1671 867 esset,
1693 830 1791 859 attu-

158 884 220 930 lit,
246 899 316 922 nec
342 883 493 921 aliunde
519 898 671 935 quoque
697 885 787 921 baec
813 894 899 920 nota
918 883 1026 920 sunt?
1076 884 1133 920 De
1157 885 1287 934 paucis
1311 893 1501 934 practerea
1517 892 1659 921 tantum
1681 883 1788 929 sanis,

157 956 341 998 quantum
367 947 545 998 equidem
570 948 667 991 scio,
693 946 741 983 de
766 946 874 984 nullo
899 946 1016 996 ipsius
1044 945 1223 983 Graeciae
1248 945 1354 990 fano,
1381 945 1471 982 haec
1496 945 1552 983 vel
1577 959 1709 996 regum
1734 948 1788 983 ei·

156 1010 311 1047 vitatum
337 1009 488 1046 decreta
513 1019 658 1046 exstare
684 1022 750 1045 seu
775 1018 865 1046 nota
890 1022 967 1045 esse
983 1009 1229 1046 concedamus
1251 1022 1400 1046 necesse
1415 1019 1479 1046 est.
1531 1010 1677 1055 Quibus
1701 1021 1788 1058 ergo

157 1072 386 1122 argumentis
412 1084 455 1108 eo
481 1070 724 1116 adducimur,
750 1081 792 1108 ut
817 1071 991 1108 omnibus
1025 1073 1138 1108 sacris
1174 1071 1268 1108 locis
1307 1085 1373 1108 seu
1410 1070 1503 1108 lucis
1544 1084 1610 1107 seu
1641 1070 1787 1121 templis

158 1135 308 1184 arisque
341 1133 412 1170 hoc
443 1134 498 1169 ius
531 1134 700 1169 divinum
734 1143 771 1169 et
810 1147 868 1169 res
893 1146 1012 1170 sacras
1047 1144 1084 1171 et
1112 1134 1300 1185 supplices
1339 1143 1435 1171 tutos
1469 1133 1679 1185 praestandi
1713 1134 1787 1170 iam

156 1196 276 1246 ipsam
303 1205 340 1232 et
363 1195 480 1231 solam
506 1208 574 1246 per
598 1194 671 1232 loci
696 1194 934 1244 religionem,
961 1196 1069 1232 etiam
1094 1209 1224 1244 regum
1248 1194 1303 1231 vel
1325 1196 1509 1232 civitatum
1528 1195 1686 1232 decretis
1712 1208 1787 1232 non

156 1257 434 1302 confirmatam,
461 1267 503 1293 ut
527 1267 651 1302 antea,
678 1257 792 1293 itahis
812 1270 963 1308 quoque
988 1257 1133 1294 ultimis
1159 1256 1389 1308 reipublicae
1409 1258 1593 1295 Romanae
1611 1258 1790 1308 tempori-

155 1320 226 1357 bus
252 1319 406 1356 infuisse
433 1330 469 1356 et
491 1321 756 1369 permansisse,
782 1318 914 1356 multas
937 1333 1023 1357 vero
1050 1320 1225 1364 civitates,
1251 1321 1450 1370 quominus
1476 1319 1570 1356 illud
1594 1320 1650 1355 ius
1676 1319 1792 1356 viola-

156 1391 282 1426 retur,
308 1382 463 1432 insuper
487 1381 558 1418 hoc
584 1395 652 1432 per
676 1394 779 1431 reges
807 1391 844 1417 et
869 1382 1031 1418 civitates
1057 1390 1226 1432 potentes
1260 1381 1532 1430 agnoscendum
1569 1394 1720 1432 quoque
1754 1392 1790 1419 et

159 1443 481 1494 comprobandum
522 1457 666 1480 curasse
704 1443 966 1483 existimemus,
1026 1444 1146 1490 Quam
1185 1443 1233 1480 ob
1272 1456 1351 1480 rem
1390 1443 1515 1480 Servii
1549 1446 1610 1490 ¹¹⁷)
1659 1445 1788 1483 verba:

159 1506 331 1556 „asyla
367 1519 461 1543 non
495 1507 673 1543 suntin
707 1506 927 1542 omnibus
953 1504 1161 1556 templis,
1185 1506 1278 1542 nisi
1304 1506 1350 1542 in
1376 1506 1457 1551 iis,
1485 1507 1660 1556 quibus
1686 1506 1789 1557 lege

159 1569 548 1604 consecrationis
575 1579 650 1606 est
675 1574 1019 1613 concessum,“
1044 1569 1075 1604 si
1102 1567 1274 1618 quidem,
1300 1577 1342 1604 ut
1358 1568 1581 1618 plerumque
1604 1569 1663 1612 fit,
1689 1579 1789 1606 recte

156 1628 435 1678 intelligantur,
469 1630 537 1673 ita,
568 1639 609 1666 ut
645 1630 717 1666 hoc
750 1630 842 1679 asyli
878 1631 934 1666 ius
969 1642 1045 1666 non
1084 1630 1254 1667 omnibus
1290 1629 1435 1680 templis
1460 1630 1589 1674 suerit,
1620 1631 1686 1674 sed
1712 1644 1788 1668 non
1846 1660 1855 1664 -

155 1692 231 1728 nisi
258 1692 326 1734 iis,
354 1690 490 1741 quihus
514 1704 582 1741 per
606 1690 724 1740 legem
751 1705 816 1727 seu
849 1691 1041 1728 decretum
1078 1693 1176 1741 regis
1207 1690 1264 1729 vel
1301 1692 1453 1728 civitatis
1488 1691 1643 1728 alicuius
1677 1693 1788 1731 suerit

156 1766 386 1797 concessum,
412 1765 460 1788 ne
483 1753 523 1789 in
550 1753 639 1789 haec
665 1753 819 1803 quidem
844 1763 1011 1803 tempora
1036 1756 1080 1790 ab
1105 1751 1319 1789 Alexandro
1345 1766 1478 1803 magno
1504 1766 1623 1804 usque
1648 1754 1695 1790 ad
1720 1755 1788 1791 'ri-

153 1816 303 1852 berium
328 1824 547 1865 regnantem
573 1813 705 1851 cadere
731 1815 816 1851 satis
841 1816 1081 1866 perspicuum
1106 1823 1171 1851 est.
1220 1816 1271 1852 At
1295 1816 1461 1866 quamvis
1487 1816 1576 1852 haec
1602 1815 1724 1852 Servii
1750 1826 1787 1854 et

156 1889 305 1922 eorum,
332 1878 399 1928 qui
425 1890 512 1913 eum
537 1877 655 1913 secuti
682 1877 774 1921 sint,
810 1878 939 1928 opinio
972 1878 1109 1913 reiecta
1142 1877 1210 1922 sit,
1247 1886 1370 1914 tamen
1396 1889 1467 1928 per
1491 1876 1634 1927 aliquot
1658 1890 1785 1917 rerum

156 1940 381 1988 scriptorum
406 1939 537 1984 verba,
564 1949 605 1976 ut
630 1940 749 1977 Livii:
772 1942 836 1984 ²¹⁸)
875 1939 967 1984 „ubi
991 1939 1032 1976 in
1057 1939 1143 1977 lano
1166 1938 1330 1991 lucoque
1369 1938 1561 1990 Apollinis
1600 1938 1708 1978 Delio
1735 1952 1778 1978 ea

227 2065 295 2114 ¹¹⁶)
320 2069 424 2104 Tacit.
449 2069 508 2102 lv.
539 2069 591 2108 ιιί.

181 2155 184 2158 ,
226 2130 292 2175 ¹1⁷)
317 2131 359 2164 ad
384 2130 519 2165 Aeneid.
546 2131 639 2176 Virg.
665 2132 706 2167 11,
733 2145 762 2167 v,
789 2134 871 2176 761·

227 2192 288 2237 ¹²⁸)
310 2193 370 2229 lib.
395 2191 544 2228 XXXV.
567 2203 596 2225 c.
623 2192 680 2227 5¹.
