1981 2540
793 157 994 205 -ᾰι
1081 138 1152 193 -’

149 265 337 317 religione
362 271 399 300 et
423 263 594 309 cointe,
619 262 958 315 quosunttempla,
983 275 1101 316 quae
1122 260 1256 315 asyla
1282 261 1459 300 Graeci
1484 262 1778 314 appellant,“

147 327 206 367 vol
230 325 400 378 Polybiix
426 327 495 374 ⁸¹⁹)
514 327 596 372 „ami
620 326 890 376 παραγενόμενοι
913 325 1005 375 πρὸς
1026 325 1067 364 τὸ
1080 329 1145 375 τῆς
1165 326 1368 375 Αρτέμιδος
1390 324 1506 375 ἱερὸν,
1539 325 1569 362 ⁶⁸
1585 331 1692 363 κεῖται
1714 326 1778 373 μὲν

148 389 279 437 μεταξὺ
313 390 504 439 Κλείτυρος
533 390 591 426 καὶ
621 389 828 435 Κυναίθης,
873 388 1044 424 ἄσυλον
1072 390 1109 425 δὲ
1143 389 1340 436 νενόμισται
1375 388 1473 438 παρὰ
1503 393 1578 432 τοῖς
1601 388 1774 436 Ἓλλησιν,

148 452 358 490 &venirene
383 447 543 497 (Aetoli)
570 450 772 497 διαρπάσειν
803 449 848 487 τὰ
871 450 1061 498 θρέμματα
1084 454 1148 497 τῆς
1179 453 1269 488 Θεοῦ
1299 453 1356 489 καὶ
1385 452 1496 490 τᾶλλα
1526 451 1572 489 τὰ
1605 453 1682 498 περὶ
1717 451 1779 487 τὸν

147 513 258 551 ναόν*
295 514 534 551 vehementer
557 512 752 550 sustentari
777 520 888 563 atque
913 511 1153 563 comprobari
1187 510 1342 551 videtur.
1403 514 1670 552 Verumtamen
1707 526 1776 550 cur

148 575 324 627 Polybius
349 576 422 613 hoe
453 574 636 627 templum
669 573 811 626 asylum
843 588 921 612 esse
951 575 1118 612 habitum
1151 575 1388 625 potissimum
1421 576 1574 622 dixerit,
1626 590 1670 613 ex
1708 589 1771 621 eo,

146 638 250 689 quod
273 636 397 675 Aetoli
422 637 513 675 deae
539 647 704 675 armenta
727 650 858 688 rapere
883 647 919 675 et
943 638 1068 688 ipsum
1093 636 1278 688 templum
1311 637 1476 687 expilare
1509 639 1773 687 aggredieban-

146 709 230 745 tur,
265 701 352 737 satis
382 699 511 751 liquet.
584 701 664 738 Nee
695 700 843 737 Livium
877 713 963 736 suae
995 700 1123 736 aetatis
1158 712 1320 744 morem,
1354 712 1431 751 quo
1469 698 1606 750 templa
1630 714 1771 736 summa

143 763 336 800 sanctitate
361 777 380 799 a
408 762 562 799 Graecis
585 762 699 811 vulgo
724 760 821 813 asyla
846 763 1155 807 nominabantur,
1179 772 1368 808 secutum,
1394 762 1518 799 ullum
1543 761 1647 798 aliud
1669 762 1772 799 hisce

142 824 279 862 verbis:
303 837 429 875 „quae
453 824 589 861 Graeci
612 823 714 874 asyla
739 823 953 875 appellant“
978 825 1191 876 significare
1217 825 1391 870 voluisse,
1429 825 1501 862 nisi
1534 824 1606 862 hoc
1630 822 1774 875 Apolli-

141 886 200 923 nis
225 885 408 937 templum
433 899 578 923 summa
601 887 700 923 inter
730 887 892 924 Graecos
924 887 1106 937 religione
1142 887 1310 924 habitum
1342 887 1471 932 fuisse,
1509 900 1579 923 nec
1606 899 1692 924 vero
1718 886 1771 930 id,

142 947 245 998 quod
269 947 360 984 inde
383 948 490 998 sequi
513 947 678 993 videtur,
714 962 793 986 nou
825 950 898 986 nisi
923 951 1034 987 certis
1060 949 1207 1001 templis
1231 950 1303 987 hoc
1329 951 1386 986 ius
1412 948 1662 1001 asyli'fuisse,
1689 939 1771 986 >de-

142 1020 380 1056 monstrasse,
407 1011 490 1062 quis
516 1020 589 1057 est,
614 1011 706 1062 quin
731 1011 930 1062 intelligat,
955 1013 1173 1063 praesertim
1194 1025 1309 1062 quum
1335 1012 1433 1047 illud
1458 1011 1560 1048 idem
1585 1010 1770 1062 templum

148 1075 192 1109 ab
217 1073 308 1123 ipsis
335 1073 564 1110 Graecorum
589 1074 831 1125 scriptoribus
857 1085 899 1111 ut
921 1074 1111 1125 prioribus
1137 1074 1336 1118 aetatibus,
1372 1072 1475 1123 quod
1507 1072 1772 1117 intelleximus,

141 1135 192 1171 ita
217 1136 325 1172 etiam
352 1137 557 1186 posteriore
583 1146 698 1174 aetate
723 1137 770 1174 ab
795 1138 969 1189 Appiano
995 1139 1063 1181 ¹²⁰)
1105 1135 1198 1184 ἱερὸν
1230 1140 1293 1173 τοῦ
1312 1136 1529 1178 Ἀπόλλωνος
1546 1137 1679 1184 χωρίον
1703 1148 1771 1173 no-

142 1198 322 1233 minatum
348 1198 495 1235 viderit.
545 1199 668 1249 Ergo,
692 1201 725 1235 si
749 1208 862 1236 totam
885 1212 1006 1238 meam
1031 1199 1250 1237 sententiam
1265 1199 1398 1234 iterum
1419 1199 1510 1248 ipsis
1531 1198 1652 1234 verbis
1676 1210 1769 1248 pro-

140 1271 282 1309 ponere
307 1258 435 1305 liceat,
462 1261 628 1311 quamvis
652 1261 727 1297 iam
752 1273 796 1298 ex
820 1260 898 1298 loci
921 1259 1102 1310 religione
1127 1273 1170 1297 ac
1194 1260 1384 1297 sanctitate
1418 1260 1592 1297 omnibus
1618 1259 1766 1311 templis

144 1321 280 1358 inesset
303 1322 359 1358 ius
385 1322 499 1372 asyli,
531 1332 653 1359 tamen
678 1322 752 1359 illis
778 1323 1018 1373 temporibus,
1041 1322 1219 1372 qnoniam
1244 1321 1402 1359 deorum
1425 1322 1567 1372 templa
1590 1322 1661 1359 hae
1685 1323 1765 1372 ipsa

142 1382 189 1420 de
227 1396 355 1428 causa,
407 1385 495 1434 quia
537 1386 709 1421 omnium
750 1383 921 1422 locorum
956 1384 1138 1423 ditissima
1163 1393 1286 1430 erant,
1336 1385 1498 1421 maxime
1546 1384 1768 1435 petebantur

143 1454 254 1497 atque
289 1446 607 1496 exspoliabantur,
655 1460 726 1485 nec
756 1447 889 1499 religio
921 1447 997 1486 sola
1035 1448 1231 1486 hominum
1264 1448 1454 1484 avaritiam
1485 1460 1658 1485 coercere
1688 1458 1724 1485 et
1748 1462 1768 1485 a

142 1509 253 1544 sacris
287 1508 514 1559 templorum
540 1509 720 1546 thesauris
754 1511 916 1548 retinere
953 1510 1113 1555 valebat,
1151 1524 1215 1547 eae
1240 1511 1403 1548 civitates
1435 1509 1495 1547 vel
1519 1511 1650 1556 urbes,
1676 1524 1766 1561 qua-

141 1570 396 1620 rum.templa
431 1570 507 1605 iam
541 1581 648 1607 erant
681 1572 836 1621 spoliata
866 1571 924 1609 vel
960 1586 981 1608 a
1015 1571 1303 1623 depopulatione
1338 1573 1425 1609 satis
1458 1581 1537 1609 tuta
1576 1586 1653 1609 non
1688 1585 1764 1609 esse

143 1631 379 1675 videbantur,
405 1631 501 1667 hanc
525 1633 756 1669 sanctitatem
781 1643 818 1669 et
840 1635 1061 1670 nominatim
1085 1633 1183 1671 hanc
1206 1634 1364 1678 ἀσυλίαν,
1396 1643 1439 1670 ut
1464 1635 1516 1671 ita
1539 1634 1673 1678 dicam,
1696 1646 1766 1684 per

140 1706 270 1743 regum
294 1692 353 1730 vel
378 1693 569 1733 civitatum
603 1693 749 1732 decreta
780 1694 1043 1732 restituendam
1075 1695 1134 1732 vel
1168 1695 1488 1746 comprobandam
1517 1706 1693 1733 curarunt
1729 1706 1766 1733 et

141 1768 292 1804 operam
316 1766 516 1801 navarunt,
543 1766 584 1793 ut
608 1756 649 1792 in
673 1757 732 1794 his
758 1757 916 1794 decretis
941 1757 1068 1795 ἀσυλία
1092 1758 1182 1808 ipsis
1207 1757 1329 1794 verbis
1360 1760 1626 1796 nominaretur.
1676 1759 1766 1796 Ete-

139 1818 221 1854 nim
253 1818 294 1854 in
333 1818 504 1855 omnibus
542 1819 725 1857 eiusmodi
757 1829 794 1857 et
825 1818 983 1856 decretis
1017 1829 1055 1856 et
1089 1820 1253 1856 nummis
1291 1819 1429 1858 verbox
1475 1819 1567 1867 ἱερὸς
1606 1820 1765 1858 verbum

138 1878 266 1922 ἄσυλος
288 1878 508 1917 adiunctum
531 1880 753 1920 invenimus.
782 1884 844 1931 ¹²¹)
896 1882 1016 1918 Etiam
1041 1895 1118 1919 esse
1143 1882 1253 1919 urbes
1278 1881 1333 1919 vel
1359 1882 1539 1927 civitates,
1566 1895 1661 1932 quae
1686 1882 1766 1921 sola

136 1939 268 1991 templi
292 1943 484 1980 sanctitate
508 1942 578 1979 niti
602 1943 678 1981 sive
702 1943 758 1982 vel
785 1942 958 1983 volebant
981 1944 1057 1983 sive
1081 1954 1341 1997 poterantheo
1365 1944 1565 1993 maiorem,
1586 1958 1662 1996 quo
1687 1957 1764 1983 sae-

208 2073 266 2120 ²¹⁹)
292 2076 352 2112 IV.
378 2089 408 2113 c.
437 2081 491 2112 ¹8.

210 2140 273 2184 ²²⁰)
297 2140 330 2172 in
354 2140 501 2184 Syriacis.

208 2201 267 2243 ¹²¹)
292 2200 411 2248 Spanh.
435 2200 458 2236 l.
483 2201 536 2237 cit.

1292 2275 1313 2309 Ἰ
1335 2275 1355 2299 *
