1981 2540
817 180 1160 223 ...52-

170 282 305 320 eodem
331 282 500 319 subsidio
525 283 685 319 obaerati
710 277 907 318 adversum
931 279 1134 317 creditores
1158 280 1394 331 suspectique
1427 284 1640 333 capitalium
1674 283 1800 321 crimi-

169 359 266 383 num
297 345 590 397 receptabantur.
652 344 732 383 Nec
764 343 889 381 ullum
925 343 1010 381 satis
1042 342 1210 381 validum
1241 343 1446 395 imperium
1477 356 1557 383 erat
1587 346 1798 385 coercendis

170 410 415 447 seditionibus
439 408 593 460 populi,
618 407 758 458 flagitia
787 407 998 452 hominum,
1022 417 1065 445 ut
1102 406 1342 444 caerimonias
1374 405 1512 450 Deum,
1556 409 1793 460 protegentis.

169 473 278 509 Hanc
303 472 420 520 igitur
444 472 483 508 in
510 479 669 507 aetatem
694 471 851 522 eiusque
876 469 973 521 asyla
998 469 1094 506 illud
1118 471 1279 516 crimen,
1304 470 1409 506 cuius
1435 468 1665 507 osiandrum
1688 471 1797 509 alios-

169 547 242 585 que
267 535 367 571 viros
392 534 522 572 doctos
549 534 780 572 Graecorum
806 532 944 583 templa
977 533 1057 569 siue
1089 530 1166 569 ulla
1200 531 1430 570 diversarum
1459 541 1619 570 aetatum
1653 534 1797 570 ratione

168 596 396 633 accusavisse
435 598 696 646 cognovimus,
731 609 857 633 revera
891 593 1011 640 cadit,
1058 595 1202 630 tametsi
1242 592 1400 632 illorum
1438 595 1645 639 accusatio,
1685 595 1797 632 etiam

165 657 278 696 huius
303 660 433 697 aetatis
458 660 602 696 ratione
626 659 767 703 habita,
792 658 906 694 nimis
932 655 1074 693 acerbis
1098 656 1222 694 verbis
1246 657 1302 693 uti
1327 665 1439 707 atque
1455 657 1611 695 modum
1623 657 1799 695 excedere

162 720 325 758 videtur.
376 721 446 758 1110
472 734 558 758 vero
584 721 772 771 asylorum
796 720 913 756 abusu
936 720 1076 756 factum
1101 727 1175 763 est,
1207 728 1249 755 ut
1273 718 1436 755 Graecae
1457 719 1622 756 civitates
1646 732 1800 757 suorum

164 782 354 834 asylorum
379 782 459 819 iura
484 782 738 821 demonstrare
760 784 879 820 iussae
903 782 989 821 sint.
1039 781 1241 832 Postquam
1259 780 1492 832 singulorum
1508 780 1696 833 asylorum
1716 783 1800 820 iura

162 854 309 881 senatus
334 845 520 882 Romanus
546 846 783 889 examinavit,
808 843 1126 882 senatusconsulta
1151 843 1246 880 sacta
1270 853 1375 887 suut,
1402 845 1539 895 quibus
1559 844 1679 883 multo
1708 858 1793 882 cum

159 906 306 943 honore
327 906 462 944 modus
489 916 612 944 tamen
645 907 898 959 praescriptus
933 915 989 944 est
1021 906 1264 957 civitatesque
1294 906 1336 942 in
1369 906 1461 957 ipsis
1493 905 1640 957 templis
1670 920 1794 944 aereas

155 968 299 1005 tabulas
324 967 373 1005 ad
397 970 617 1006 memoriam
641 969 954 1006 senatusconsulti
985 981 1030 1005 eo
1054 968 1116 1004 die
1147 968 1234 1005 sacti
1266 967 1483 1004 sacrandam
1519 968 1633 1017 figere
1673 970 1792 1005 iussae

156 1039 265 1075 sunt,
314 1044 364 1067 ne
406 1031 531 1081 specie
564 1030 762 1079 religionis
796 1031 838 1067 in
869 1030 1112 1068 ambitionem
1147 1029 1420 1075 ‹labbei-entur,
1482 1030 1652 1067 Licentia
1680 1031 1795 1082 igitur

158 1091 257 1142 asyla
282 1091 469 1129 statuendi
495 1100 533 1128 et
556 1091 619 1128 hic
642 1105 778 1142 pravus
803 1092 939 1129 abusus
978 1094 1103 1144 specie
1132 1091 1323 1143 religionis
1353 1092 1570 1129 sceleratum
1604 1106 1792 1144 quemque

154 1153 350 1190 hominem
375 1153 585 1204 recipiendi
608 1166 680 1205 per
703 1162 871 1191 senatum
895 1155 1106 1192 Romanum
1130 1165 1217 1192 sunt
1241 1155 1410 1194 coercita.
1460 1155 1538 1193 Nec
1555 1168 1640 1193 voro
1665 1157 1791 1193 omnia

157 1215 296 1267 templa
322 1214 414 1266 asyli
440 1216 524 1252 iure
548 1216 703 1266 privata,
727 1215 787 1253 vel
811 1217 856 1253 iis
881 1217 973 1268 ipsis
1001 1217 1172 1268 templis,
1199 1218 1336 1268 quibus
1362 1218 1434 1255 hoc
1459 1219 1517 1254 ius
1542 1231 1606 1254 seu
1632 1232 1701 1269 per
1727 1233 1792 1255 an-

153 1279 298 1330 tiquam
323 1278 546 1328 religionem
571 1291 636 1315 seu
661 1291 730 1330 per
752 1291 884 1328 regum
914 1278 973 1316 vel
1005 1280 1194 1317 civitatum
1227 1279 1374 1317 decreta
1407 1280 1571 1331 legitime
1608 1282 1787 1318 constitu-

153 1351 234 1378 tum
259 1341 478 1384 deberetur,
502 1340 575 1376 hoc
601 1353 679 1376 esse
705 1351 888 1390 ereptum,
910 1341 1091 1378 Suetonio
1109 1344 1185 1386 ¹²⁸),
1212 1344 1380 1392 quamvis
1404 1353 1532 1393 aperte
1557 1357 1598 1378 ac
1632 1340 1786 1379 definite

153 1402 352 1439 Tiberium
378 1412 415 1439 et
439 1403 515 1439 vim
541 1411 578 1438 et
602 1415 746 1439 rnorem
771 1402 959 1452 asylorum
983 1402 1183 1440 abolevisse
1208 1403 1327 1448 dicat,
1363 1413 1485 1440 tamen
1513 1404 1628 1440 fidem
1651 1404 1786 1446 habere

153 1478 370 1516 possumus,
396 1477 515 1516 quum
541 1464 737 1516 plerisque
761 1464 912 1516 templis
938 1465 1048 1502 etiam
1073 1475 1199 1516 postea
1232 1465 1303 1502 hoc
1335 1465 1425 1516 asyli
1463 1466 1519 1503 ius
1552 1466 1665 1503 fuisse
1696 1480 1786 1504 con-

153 1537 235 1566 stet.
266 1529 324 1573 ¹²⁹)
350 1529 521 1564 Attamen
548 1528 589 1564 id
623 1528 718 1568 veri.
753 1527 925 1565 homines
957 1527 1067 1578 asylis
1099 1528 1200 1564 abuti
1231 1526 1381 1564 desiisse
1419 1541 1488 1564 nec
1524 1537 1650 1580 postea
1684 1538 1785 1566 tanto

152 1591 300 1635 studio,
325 1601 464 1641 quanto
488 1599 605 1636 antea,
631 1589 732 1641 asyla
758 1590 953 1629 obtinendi
979 1590 1121 1636 arsisse,
1145 1590 1316 1628 Suetonii
1345 1591 1464 1629 verbis
1490 1591 1608 1628 inesse
1627 1591 1784 1629 videtur.

228 1730 291 1775 1²⁸)
316 1733 371 1765 vn.
398 1732 476 1766 Tib.
502 1744 530 1765 c.
559 1735 613 1776 37.

223 1792 286 1837 ¹²9)
311 1795 414 1830 Tacit.
441 1791 501 1829 lV.
528 1807 556 1828 c·
588 1794 640 1833 ¹4·
691 1796 806 1829 Ezech.
833 1795 951 1841 Spanh.
978 1796 999 1827 1.
1025 1807 1053 1829 c.
1081 1807 1116 1841 ρ.
1144 1807 1224 1840 779.
1253 1799 1307 1830 8¹.

758 1953 1160 1970 —

654 2225 854 2253 monsuznn.
869 2227 955 2250 'mus
971 2228 1261 2254 coppzxmnnams.
