1981 2540
158 224 328 268 repetere
358 215 396 252 et
431 226 551 266 nsque
579 211 626 252 ad
657 215 852 253 Tiberium
884 214 1136 253 Romanorum
1173 212 1439 266 imperatorem
1472 225 1690 264 percurrere
1715 227 1783 252 ne-

158 290 260 316 eesse
274 276 481 316 habuerim.
517 275 780 323 Athenienses,
802 277 931 314 utiam
947 285 1054 314 antea
1065 275 1248 323 vidimus3
1273 275 1520 313 Doriensibus
1535 275 1781 326 supplicibus,

158 338 201 376 id
224 333 328 389 quod
353 351 419 389 per
443 339 532 378 lovis
565 338 759 376 Dodonaei
792 337 986 375 oraculum
1011 339 1064 374 -iis
1090 338 1352 375 demandatum
1382 345 1479 382 erat,
1502 340 1782 388 -pc'percerunt,

159 399 278 438 Panlo
302 400 386 438 bost
411 399 554 452 Cylon‘,
579 398 815 436 Atheniensis
837 398 896 435 vir
919 407 957 454 et
979 398 1130 450 antiqua
1155 390 1197 436 ac
1227 398 1344 438 nobili
1368 409 1480 450 gente
1504 403 1542 436 e't
1565 398 1700 450 inagna
1723 399 1785 435 in-

159 471 217 499 ter
240 463 336 499 cives
361 462 528 513 potentia
552 470 590 497 et
612 457 804 511 praeterea
826 461 980 498 victoria
1013 463 1056 496 in
1088 459 1280 510 Olympiis
1309 471 1496 512 reportata
1530 462 1707 512 insignis,
1741 470 1785 498 nt

155 536 283 561 rerum
305 523 509 595 potiretur,
535 536 556 559 a
580 522 790 573 Theagine,
818 522 1095 574 Megarensium
1118 522 1307 574 principe,
1333 531 1457 561 socero
1482 537 1562 566 suo,
1586 523 1782 575 pluribus·

155 598 229 638 que
253 585 382 623 amicis
403 583 551 622 adiutus
575 584 724 622 subito-
735 584 965 623 Athenarum
995 595 1118 623 arcem
1150 585 1263 636 cepit.
1314 584 1434 631 Quem
1465 598 1524 622 res
1557 595 1781 624 novaturum

154 647 246 684 inde
269 646 489 691 deiicerent,
524 659 642 698 quum
666 640 911 684 Athenienses
934 647 1105 698 undique
1128 647 1402 693 convenissent3
1433 647 1512 696 ipse
1543 646 1663 697 Cylon
1693 657 1781 685 cum

153 708 268 748 fratrs
289 721 332 747 re
356 708 550 760 desperata
574 708 672 746 clam
697 707 856 758 aufugit3
890 709 969 747 eius
1003 722 1093 748 vero
1121 710 1237 756 socii,
1274 722 1390 761 quum
1413 708 1538 759 fugae
1546 721 1664 760 spes,-
1687 722 1779 759 quo·

149 771 254 808 niam
294 771 582 808 Atheniensium
632 769 853 816 multitudo,
901 771 983 821 ipsa
1020 771 1173 822 quidem
1210 771 1386 808 diuturna
1432 771 1627 808 obsidione
1675 771 1780 816 sessa,

148 832 392 872 archontibus
435 831 504 869 hos
539 844 626 870 cum
660 827 804 870 delecta
842 844 959 870 manu
1000 832 1223 872 obsidendos
1256 835 1537 879 commiserant,
1600 834 1646 870 iis
1687 842 1781 871 essct

147 896 323 946 adempta
347 903 385 930 et
408 894 506 930 lame
530 893 624 931 adeo
647 894 876 939 laborarent,
916 903 959 932 ut
991 894 1134 945 aliquot
1165 908 1293 932 eorum
1327 897 1401 932 iam
1433 896 1670 940 interiissent,
1697 905 1781 932 tan-

149 956 238 995 dem
261 954 310 994 ad
334 955 526 997 Minervae
548 968 650 993 aram
674 957 720 993 iuv
741 969 826 994 arce
849 950 1036 1009 supplices
1060 956 1319 996 consederunt.
1362 957 1455 1004 Qui,
1480 967 1523 994 ut
1546 956 1778 995 Herodotum

149 1029 366 1069 sequamur,
391 1032 413 1054 a
442 1018 732 1055 Naucrariorum
766 1018 983 1069 prytanide‚
1026 1032 1067 1054 ea
1100 1020 1245 1055 scilicet
1281 1029 1428 1055 senatus
1464 1014 1571 1068 parte
1597 1021 1648 1062 ⁵⁸)
1685 1032 1778 1068 quae

148 1080 208 1118 his
231 1080 327 1131 ipsis
347 1079 477 1118 diebus
499 1079 730 1132 reipublicae
753 1089 940 1132 praeerat,
967 1094 984 1118 s
1037 1081 1169 1118 nsione
1204 1080 1320 1126 sacta,
1345 1079 1574 1132 supplicium
1598 1093 1675 1118 non
1701 1091 1780 1117 esse

147 1152 227 1179 sese
249 1154 439 1193 passuros,
462 1141 523 1179 vel
547 1144 579 1178 si
603 1144 728 1192 potius
745 1141 977 1192 Thucydidi
1016 1142 1101 1178 dem
1125 1143 1342 1187 habeamus,
1367 1143 1414 1178 ab
1439 1142 1702 1186 archontibus,
1728 1154 1778 1178 ne

149 1203 254 1241 locus
279 1216 384 1241 sacer
402 1202 641 1240 cadaveribus
653 1202 894 1253 pollueretur,
918 1202 993 1239 fide
1003 1197 1105 1248 data,
1137 1202 1233 1239 nihil
1260 1204 1383 1240 acerbi
1408 1204 1448 1240 in
1473 1204 1572 1254 ipsos
1597 1213 1773 1240 statutum

148 1266 217 1310 iri,
242 1265 303 1304 vel
328 1278 378 1302 ne
402 1264 554 1303 tandem
589 1264 830 1302 Plutarchum
860 1266 1202 1316 praeternittamus,
1242 1280 1262 1302 a
1295 1265 1460 1315 Megaele
1495 1266 1673 1302 archonte
1705 1267 1776 1302 im-

147 1326 250 1378 pulsi
274 1325 322 1363 ad
346 1339 493 1363 eausam
518 1325 716 1363 dicendam
742 1339 860 1377 quum
891 1326 1180 1371 descenderent,
1216 1328 1375 1363 maxime
1406 1327 1452 1363 ab
1485 1327 1776 1370 Alcmaeonidis,

149 1388 192 1426 id
213 1386 317 1440 quod
340 1389 441 1426 inter
470 1400 598 1425 omnes
635 1397 801 1425 auctores
840 1398 983 1427 constat
1026 1392 1210 1438 (φονεῦσαι
1244 1390 1284 1425 δὲ
1315 1389 1447 1436 αὐτοὺς
1480 1390 1573 1436 αἰτίη
1607 1389 1675 1435 ἔχει
1698 1390 1778 1426 Άλ-

148 1452 371 1497 κμαιωνίδαδ)
386 1463 519 1501 magna
536 1462 583 1486 ex
607 1459 714 1499 parte
737 1449 878 1487 nefarie
900 1450 1088 1487 interfecti
1114 1460 1152 1487 et
1176 1462 1304 1487 eorum
1338 1451 1467 1500 pauci,
1507 1451 1573 1500 qui
1611 1451 1659 1486 ad
1690 1464 1778 1500 pro-

147 1511 310 1563 pinquas
340 1509 433 1547 deas>
466 1509 693 1548 venerandas
731 1510 1012 1561 confinget-ants
1040 1511 1092 1548 ad'
1125 1513 1222 1562 ipsas
1261 1512 1323 1548 has
1359 1525 1439 1549 aras
1472 1512 1644 1549 trucidati
1678 1523 1774 1551 sunt.

149 1573 248 1611 Sane
270 1572 331 1618 id,
367 1570 470 1623 qnod
501 1584 546 1608 ex
578 1572 780 1609 Plutarcho
808 1573 1070 1622 cognovimus,
1107 1575 1286 1611 memoria
1325 1573 1481 1625 dignum
1516 1566 1596 1611 esse⁴
1616 1575 1771 1619 videtur,

150 1633 255 1687 quod
278 1633 353 1681 illi,
378 1633 470 1671 dum
494 1633 542 1671 ad
566 1647 713 1671 causam
737 1633 937 1673 dicendam
959 1634 1212 1682 descendunt,
1237 1626 1344 1673 filum
1366 1636 1558 1674 Minervae
1577 1636 1773 1674 simulacro

149 1709 333 1735 annexum
357 1709 472 1734 manu
496 1696 682 1734 tenebant.
733 1696 816 1744 Quo
840 1695 934 1742 illis,
968 1696 1035 1733 ubi
1069 1697 1289 1735 venerandis
1324 1697 1463 1736 deabus
1495 1700 1774 1749 appropinqua-

147 1768 249 1805 runt,
265 1772 331 1797 sua
346 1769 479 1811 sponte
501 1758 671 1809 abrupto,
693 1757 882 1811 Megacles
900 1771 985 1796 cum
1002 1758 1166 1810 collegis,
1192 1761 1298 1811 quasi
1308 1760 1377 1797 dea
1388 1760 1573 1811 supplices
1589 1760 1773 1806 reiiceret,

148 1821 197 1859 ad
219 1834 280 1860 eos
304 1819 581 1858 interficiendos
605 1821 794 1871 proruisse
818 1830 856 1859 et
879 1833 941 1858 eos
976 1821 1155 1872 quidem,
1187 1823 1251 1873 qui
1277 1823 1349 1858 iam
1384 1831 1484 1858 extra
1519 1832 1645 1867 erant,
1678 1824 1775 1860 saxis

149 1884 331 1930 obruisse,
356 1892 496 1921 ceteros
519 1894 605 1920 vero
630 1881 678 1919 ad
701 1883 798 1934 ipsas
823 1883 1074 1920 Eumenidum
1099 1897 1194 1929 aras,
1233 1884 1279 1920 ad
1299 1896 1387 1934 quas
1417 1883 1571 1921 interim
1599 1884 1777 1934 confuge-

148 1953 251 1990 rant,
276 1944 479 1982 trucidasse
501 1944 617 1981 fertur
633 1946 697 1990 ⁸⁴).
721 1943 1028 1990 Alcmaeonidac,
1053 1959 1171 1996 quum
1188 1947 1240 1982 ita
1257 1954 1383 1983 contra
1406 1946 1464 1982 ius
1490 1955 1527 1983 et
1550 1945 1604 1983 fas
1629 1945 1776 1998 suppli-

217 2067 270 2111 ⁸³)
293 2042 469 2102 schomann
495 2075 529 2101 et
551 2067 658 2102 Meier
681 2067 703 2102 l.
729 2067 784 2103 cit.
809 2079 846 2114 p.
873 2078 914 2102 ιι
930 2078 1046 2104 —220

218 2129 264 2175 ⁸⁴)
289 2128 438 2166 Herodot
455 2142 486 2166 v.
500 2141 558 2176 7⁰·
589 2127 740 2176 Thucyd.
762 2129 790 2168 1.
812 2132 890 2166 ¹26.
913 2127 1079 2165 Plutarch.
1095 2129 1223 2165 Solonis
1241 2131 1297 2168 vit.
1313 2130 1355 2165 cf.
1372 2130 1468 2167 Paus.
1487 2131 1547 2169 lib.
1561 2129 1641 2168 vu.
1659 2143 1689 2169 c.
1713 2132 1765 2166 25.
