1981 2540
802 125 1148 170 ...18-

156 226 357 273 invenitur,
384 228 452 281 qui
477 240 521 266 ex
545 227 633 267 loco
654 229 729 267 hoc
750 242 771 265 a
795 227 985 266 Wachsm.
1011 227 1122 265 citato
1146 238 1362 278 persuasum
1386 239 1464 266 nou
1496 226 1638 265 habeat.
1686 224 1789 264 Num

155 289 252 340 quid
282 303 411 327 omnes
445 291 504 328 illi
527 290 628 337 loci,
658 303 755 342 quos
784 289 1111 327 Wtchsmutbium
1141 286 1191 324 ad
1214 288 1438 339 opinionem
1473 303 1580 327 suam
1610 288 1788 327 tuendam

154 352 291 390 citasse
319 355 582 405 cognovimus,
615 351 718 391 aliud
758 351 1043 395 demonstrant,
1073 350 1150 389 nisi
1199 363 1343 388 summa
1392 349 1506 388 fuisse
1537 351 1604 389 illa
1635 349 1803 405 templa,'

158 428 324 467 quorum
354 418 494 455 mentio
525 425 581 453 est
603 416 720 464 sacta,
752 416 855 454 inter
886 415 1052 453 Graecos
1085 413 1295 465 religione?
1343 413 1502 451 Minime
1534 426 1645 458 vero,
1675 416 1786 452 etiam

156 477 323 516 scelestis
344 479 561 516 hominibus
593 478 754 517 deorum
784 477 925 530 templa
953 478 1120 529 patuisse
1151 486 1189 515 et
1220 475 1408 529 praesidio
1437 475 1571 521 fuisse,
1604 475 1646 513 id
1680 476 1785 529 quod

155 540 348 579 Wachsm.
368 541 547 592 opinatus
569 551 644 588 est,
678 540 756 578 illis
779 540 869 578 locis
899 539 1178 591 comprobatur.
1226 540 1289 576 An
1315 548 1370 577 est
1393 540 1612 592 quisquam,
1637 539 1704 590 qui
1727 539 1785 576 vel

154 613 280 638 servos
303 600 547 640 dominorum
572 601 793 640 crudelitate
816 601 876 639 vel
901 602 1001 639 cives
1021 601 1152 638 nimiis
1174 601 1357 652 impensis
1378 614 1576 654 oppressos
1600 599 1659 639 vel
1682 613 1785 639 sum-

153 676 235 701 mos
259 665 376 710 viros,
398 678 526 701 rerum
550 665 726 716 angustiis
763 664 1056 709 circumventos,
1086 673 1131 701 ut
1161 657 1455 702 Demosthenem
1484 672 1522 701 et
1552 664 1783 710 Pausaniam,

154 725 374 764 hominibus
407 726 595 764 sceleratis
626 726 873 764 adnumerare
893 725 1035 778 possit?
1082 725 1221 764 Nonne
1241 726 1369 779 potius
1390 725 1498 763 nobis
1523 734 1561 762 et
1584 725 1722 777 gaudio
1746 735 1785 764 et

154 789 400 828 consolationi
426 803 506 828 esse
527 788 651 836 debet,
675 790 777 843 quod
799 791 867 835 iis,
902 789 1043 842 quibus
1073 799 1203 828 contra
1236 788 1408 828 crudeles
1437 788 1609 828 dominos
1631 788 1693 828 vel
1716 788 1782 828 ad-

154 865 280 889 versus
321 854 635 905 intemperantem
686 867 731 891 ac
769 852 951 891 mobilem
1002 854 1141 891 civium
1178 851 1462 891 multitudinem
1496 851 1555 890 vel
1584 853 1628 890 in
1658 859 1782 891 saevos

155 914 280 952 hostes
303 916 400 952 nihil
426 915 605 966 praesidii
631 917 673 953 in
697 917 782 953 iure
805 925 902 953 esset
922 914 1113 962 relictum,
1146 915 1305 956 deorum
1333 916 1523 968 potentia,
1557 929 1624 953 seu
1646 915 1782 967 religio

155 976 459 1028 templorumque
488 978 662 1015 sanctitas
692 977 832 1014 tutelae
859 991 905 1015 ae
933 978 1042 1015 saluti
1079 978 1179 1016 fuit?
1237 975 1366 1030 Atque
1409 977 1487 1015 illis
1511 977 1640 1023 vlocis,
1688 990 1783 1030 quos

154 1038 351 1077 Wachsm.
376 1040 522 1085 citavit,
555 1052 635 1088 non
672 1039 794 1077 solum
817 1052 896 1078 non·
927 1040 1164 1086 adducimur,
1188 1051 1231 1079 ut
1254 1042 1295 1078 in
1312 1039 1469 1078 eandem
1489 1053 1577 1077 cum
1591 1039 1785 1079 Wachsm.

156 1100 318 1151 eiusque
345 1102 459 1138 sociis
489 1101 664 1138 abeamus
693 1103 935 1148 sententiam,
976 1102 1044 1139 sed
1088 1103 1208 1154 ipsius
1243 1101 1437 1154 religionis
1471 1102 1615 1140 ratione
1659 1102 1786 1139 habita

156 1162 314 1213 eiusque
343 1164 554 1215 praeceptis
598 1164 756 1213 cognitis
789 1163 906 1216 plane
938 1165 1162 1203 contrariam
1202 1166 1310 1215 sequi
1340 1164 1520 1201 debemus
1548 1164 1783 1202 sententiam.

152 1223 248 1259 Nam
284 1223 373 1261 licet
404 1225 464 1262 illi
506 1224 582 1262 loci
613 1227 726 1262 etiam
757 1226 922 1263 scelestis
955 1220 1173 1263 hominibus
1204 1226 1370 1264 Graecos
1393 1225 1442 1262 ad
1473 1225 1613 1277 templa
1638 1225 1784 1263 aditum

153 1284 301 1323 dedisse
326 1288 594 1337 coarguissent,
619 1287 713 1338 quid
739 1287 901 1337 amplius
925 1287 1014 1325 inde
1039 1298 1282 1339 sequeretur,
1306 1301 1421 1339 quam
1443 1298 1487 1326 ut
1508 1287 1692 1337 religione
1714 1287 1784 1326 ho-

153 1349 276 1385 mines
294 1349 369 1384 iam
391 1349 497 1385 abusi
518 1358 651 1389 essent.
693 1349 759 1385 Dii
782 1350 880 1385 enim
898 1350 942 1386 iis
962 1349 1177 1387 hominibus
1191 1362 1396 1399 numquam
1415 1348 1557 1386 aditum
1576 1349 1624 1386 ad
1643 1348 1785 1401 templa

158 1408 247 1445 dare
261 1419 444 1459 poterant,
485 1410 582 1446 Nam
606 1411 635 1447 si
659 1410 841 1447 eiusmodi
872 1410 1044 1447 homines
1068 1411 1312 1460 excepissent,
1341 1423 1471 1448 nonne
1495 1412 1621 1448 omnia
1646 1410 1784 1449 scelera

158 1481 273 1522 atque
289 1484 421 1509 omnes
440 1471 592 1509 fraudes
607 1472 912 1525 comprobassent
940 1482 977 1510 et
1000 1472 1266 1519 defendissent,
1291 1485 1421 1511 nonne
1445 1473 1571 1511 omnia
1597 1472 1724 1511 divine
1747 1482 1785 1512 et

159 1534 324 1569 humana
356 1535 436 1569 iura
469 1536 685 1572 evertissent
714 1544 751 1571 et
775 1535 868 1572 haec
901 1538 946 1571 ab
977 1535 1192 1572 hominibus
1225 1536 1266 1571 in
1302 1545 1495 1586 posterum
1551 1545 1676 1573 sancta
1707 1548 1785 1573 esse

156 1596 332 1634 habenda
357 1598 576 1647 negassent?
624 1603 707 1645 Quo
732 1598 829 1635 nihil
854 1599 970 1648 magis
997 1597 1228 1636 Graecorum
1253 1596 1323 1635 diis
1348 1607 1388 1636 et
1408 1597 1588 1648 religioni
1613 1598 1784 1636 noudum

156 1668 357 1710 corruptae
380 1661 617 1696 contrarium·
632 1674 711 1697 esse
733 1661 866 1711 potuit.
916 1661 991 1696 Per
1003 1659 1093 1697 deos
1117 1672 1204 1711 ergo
1230 1672 1296 1695 seu
1319 1658 1538 1709 religionem
1562 1660 1781 1698 hominibus

157 1720 321 1758 scelestis
346 1734 425 1759 non
450 1721 556 1759 licuit
573 1722 712 1773 templa
736 1724 879 1759 intrare
900 1734 971 1758 nec
1003 1723 1080 1758 eius
1111 1721 1258 1771 generis
1291 1721 1460 1758 homines
1497 1722 1545 1759 iis
1578 1722 1697 1773 excipi
1727 1721 1780 1759 sas
1825 1752 1829 1755 ,

157 1782 239 1822 suit.
282 1784 404 1830 Quam
427 1784 650 1821 sententiam
676 1792 723 1829 et,
749 1793 791 1820 ut
813 1784 864 1820 ita
889 1782 1034 1829 dicam,
1069 1782 1291 1833 religionem
1324 1783 1488 1821 Graecos
1518 1775 1669 1836 quoque
1690 1796 1781 1835 pro·
1803 1788 1810 1792 ”

159 1846 220 1882 cul
247 1846 294 1882 ab
329 1845 395 1883 illa
420 1845 700 1884 Wachsmuthii
725 1846 905 1896 opinione
928 1858 1055 1881 revera
1077 1855 1219 1882 secutos
1245 1855 1281 1882 et
1305 1846 1489 1897 professos
1513 1858 1591 1882 esse
1615 1859 1685 1882 nec
1710 1847 1780 1883 im-

159 1908 234 1959 piis
249 1908 294 1944 ab
322 1908 486 1946 scelestis
504 1908 725 1947 hominibus
749 1908 892 1945 aditum
918 1907 966 1944 ad
1003 1906 1159 1945 deorum
1191 1908 1330 1959 templa
1363 1907 1508 1946 dedisse
1546 1908 1721 1959 plurimis
1746 1919 1784 1947 et

159 1970 377 2008 certissimis
401 1971 564 2020 ipsorum
591 1971 823 2009 Graecorum
849 1971 1071 2008 testimoniis
1094 1970 1284 2010 docemur,
1333 1971 1536 2022 Euripides
1562 1972 1661 2009 enim
1685 1972 1783 2010 hanc

159 2033 393 2071 Graecorum
417 2031 636 2082 religionem
660 2034 775 2086 plane
798 2034 1055 2088 pronuntiavit
1074 2034 1242 2086 primum
1265 2047 1338 2086 per
1358 2033 1592 2086 iphigeniam
1615 2036 1689 2086 ⁴⁹)2

158 2113 625 2188 W
651 2142 731 2177 360.
