1981 2540
161 233 258 265 esse,
290 232 361 271 pro
388 228 491 257 certo
524 219 620 256 scire
653 217 760 262 licet,
809 230 927 268 quum
965 217 1006 252 in
1032 215 1244 267 Euripidis,
1276 218 1346 267 qui
1376 232 1488 268 qnam
1522 220 1661 271 optime
1684 219 1796 257 huius

164 283 294 320 aetatis
325 295 448 319 rnores
481 281 672 332 depingit,
716 278 915 328 tragoediis
952 277 1055 314 haud
1085 291 1170 314 rara
1202 277 1305 316 illius
1333 280 1443 325 artis,
1476 295 1552 333 qna
1565 282 1713 334 'religio
1737 295 1798 320 ex·

166 356 275 383 terna
319 355 420 382 certe
455 343 573 381 {orma
607 355 685 379 non
720 340 901 386 violatur,
949 341 1171 379 documenta
1219 343 1328 380 nohis
1361 355 1546 381 occurant
1571 350 1633 390 ⁷⁰),
1683 345 1797 384 lllum

170 409 289 458 igitur
322 408 524 449 servorem,
559 404 802 449 Graecorum,
827 404 1017 455 imprimis
1051 404 1338 442 Atheniensium
1368 405 1503 442 animis
1536 406 1702 453 insitum,
1726 421 1804 446 non

168 471 330 521 amplius
356 468 414 504 vel
439 467 597 505 deorum
622 468 760 518 pietate
785 480 829 503 ac
853 466 1038 516 religione
1069 465 1127 504 vel
1164 468 1304 518 patriae
1338 481 1463 506 amore
1486 481 1566 505 esse
1600 471 1805 507 coercitum

163 533 228 570 sed
259 533 298 569 in
335 531 493 567 maxime
528 530 646 580 impia
677 543 722 566 ae
755 528 1011 566 crudelissima
1050 533 1226 580 q'uaeque
1261 531 1450 580 proruisse
1486 539 1525 568 et
1552 529 1731 582 paulatim
1763 532 1803 568 in

167 595 337 633 omnium
373 594 626 643 cupiditatum
649 593 838 629 licentiam
866 605 945 628 esse
969 601 1163 635 mutatum,
1189 604 1316 628 nonne
1347 592 1494 630 abunde
1519 594 1627 630 nobis
1657 606 1810 645 persua·

172 656 308 694 detur?
360 657 498 693 Annon
524 655 614 691 hacc
638 654 884 705 cupiditatum
910 654 1060 690 licentia
1086 667 1132 690 ex
1157 653 1286 690 multis
1309 663 1423 705 atque
1447 655 1664 706 ingentibus
1694 657 1808 705 miso·-

170 721 259 765 riis,
286 721 422 771 quibus
448 718 692 755 Athenienses
717 716 815 754 bello
830 715 1155 768 'peloponnesiaco
1179 717 1299 754 vexati
1323 726 1432 762 aunt,
1464 718 1640 768 cognosci
1663 719 1808 769 potest?

173 783 310 820 Nonne
352 782 441 817 haec
473 781 674 831 praecipua
706 780 778 815 suit
808 792 938 824 causa,
982 792 1050 816 cur
1081 779 1368 816 Atheniensium
1398 779 1609 830 respublica
1643 780 1809 830 primum

174 843 427 880 multitudinis
453 843 736 893 intemperantis
763 841 1013 878 dominationi
1037 851 1148 891 atque
1182 842 1344 878 internis
1376 843 1514 886 turbis,
1544 841 1683 879 deinde
1712 843 1809 881 hosti

175 905 435 942 succumberet
460 906 587 954 itaque
612 904 682 940 hoc
708 917 749 939 ex
775 903 876 940 bello
899 916 977 940 non
1011 903 1132 940 solum
1164 916 1242 941 non
1277 904 1448 954 superior
1478 904 1706 950 discederet,
1742 905 1808 942 sed

168 968 279 1004 etiam
307 967 415 1018 plane
441 965 637 1002 interiret?
689 966 822 1015 Neque
847 978 956 1010 vero,
980 975 1023 1002 ut
1047 965 1299 1003 tristissimum
1316 966 1560 1003 Theramenis
1600 967 1806 1014 interitum,

172 1030 220 1066 de
248 1043 323 1080 quo
349 1030 424 1064 iam
451 1038 557 1065 antea
583 1029 723 1064 mentio
750 1028 843 1063 sacta
869 1037 947 1072 est,
984 1027 1056 1064 hoc
1086 1027 1170 1066 loco
1201 1029 1558 1079 praetermittamus,
1598 1038 1684 1080 post
1705 1028 1808 1066 illam

175 1092 476 1129 crudelissimam
501 1090 654 1141 triginta
681 1099 924 1138 tyrannorum
948 1089 1244 1128 dominationem
1267 1091 1510 1129 Athenienses
1532 1091 1724 1143 antiquam
1747 1105 1808 1130 re-

173 1155 353 1203 ligionem
377 1163 416 1189 et
440 1154 604 1203 priorem
629 1153 773 1201 patriae
798 1164 964 1188 amorem
1001 1162 1227 1202 receperunt
1256 1166 1380 1204 neque
1417 1153 1712 1205 igitur'templis
1743 1154 1808 1191 ab·

171 1218 391 1254 stinuerunt.
455 1215 564 1251 Licet
596 1214 699 1250 enim
729 1213 846 1250 rarius
872 1211 912 1249 id
936 1214 1123 1258 evenerit,
1149 1227 1267 1265 quum
1285 1215 1443 1252 internis
1466 1214 1631 1253 dissidiis
1655 1228 1807 1266 compo-g

172 1280 249 1315 sitis
284 1279 405 1314 rarior
438 1277 709 1327 cupiditatibus
741 1274 970 1311 exuberandi
1002 1276 1147 1313 occasio
1184 1277 1384 1322 offeratur,
1429 1290 1552 1314 unum
1586 1287 1707 1314 tamen
1737 1291 1805 1328 pro

173 1341 349 1378 omnibus
374 1347 490 1374 exstat
515 1337 740 1387 exemplum.
788 1337 886 1373 Nam
914 1337 1137 1387 iphicrates,
1163 1338 1449 1374 Atheniensium
1473 1338 1567 1383 dux,
1592 1352 1712 1390 quum
1735 1349 1808 1378 sta-

177 1413 256 1439 tuas
282 1414 408 1437 aureas
432 1409 470 1436 et
495 1400 676 1435 eburneas
716 1405 944 1449 occupasset,
969 1412 1060 1449 quas
1094 1400 1306 1450 Dionysius·
1334 1399 1599 1451 Syracusarum
1629 1411 1807 1453 tyrannus

174 1463 284 1516 paulo
318 1473 402 1499 ante
433 1461 574 1498 bellum
606 1475 754 1498 sacrum
780 1462 933 1498 tertium
958 1461 1179 1512 Olympiam
1200 1472 1240 1499 et
1266 1461 1432 1513 Delphos
1460 1464 1630 1508 miserat,
1664 1473 1707 1501 ut
1728 1464 1806 1502 lovi

177 1525 358 1578 Olympio
392 1535 429 1561 et
460 1524 627 1575 Apollini
660 1524 794 1575 Pythio
819 1534 1148 1569 consecrarentur,
1173 1524 1421 1561 Athenienses
1448 1526 1688 1576 interrogati,
1716 1525 1810 1578 quid

175 1590 235 1626 his
260 1590 415 1631 faceret,
441 1587 724 1637 responderunt,
750 1600 799 1623 ne
824 1587 917 1637 quid
943 1586 1016 1623 diis
1040 1587 1255 1631 deberetur,
1291 1587 1359 1624 sed
1383 1587 1484 1624 unde
1513 1589 1652 1626 milites
1685 1589 1807 1631 aleret,

175 1664 306 1688 curam
333 1659 488 1698 gereret.
544 1650 669 1699 Atque
693 1662 782 1685 sane
805 1648 1050 1685 memorabile
1073 1659 1130 1685 est
1161 1649 1315 1686 initium
1337 1649 1536 1698 epistolae,
1567 1663 1642 1701 qua
1666 1650 1735 1688 hac
1761 1650 1808 1687 de

174 1715 308 1764 rapina
336 1713 539 1761 Dionysius
565 1711 755 1761 queriturx
807 1710 960 1747 Senatui
991 1710 1211 1760 populoque
1243 1710 1528 1747 Atheniensium
1556 1712 1717 1750 salutem
1746 1712 1805 1750 di-

178 1789 262 1812 cere
287 1776 459 1824 ineptum
485 1773 585 1817 fore,
612 1773 678 1823 qui
705 1770 793 1808 deos
819 1782 915 1808 terra
938 1771 1108 1822 marique
1131 1771 1314 1822 diripiant
1329 1773 1392 1816 ⁷¹).
1431 1772 1564 1824 Neque
1580 1786 1668 1811 vero
1694 1773 1804 1810 Athe-

178 1839 324 1873 nienses
349 1835 437 1880 soli,
463 1835 530 1872 sed
555 1835 667 1871 etiam
692 1834 888 1884 Spartani,
912 1834 981 1870 etsi
1007 1833 1113 1884 prius
1136 1833 1299 1884 frugales
1326 1844 1435 1886 atque
1459 1835 1706 1881 abstinentes,
1743 1850 1804 1873 ce-

255 1978 303 2019 70)
329 1978 477 2022 Euripid.
511 1977 650 2012 Hercul.
682 1976 801 2011 furens.
833 1988 862 2009 v.
898 1973 997 2015 alio.¹
1036 1975 1257 2010 Andromacha
1289 1990 1321 2013 v.
1356 1980 1438 2012 256.
1469 1980 1551 2022 2⁸7·
1584 1977 1626 2023 ef.
1664 1978 1803 2012 Senecae

328 2026 428 2111 {lezi
454 2025 620 2105 fur-85:3⁰6.
670 2025 775 2059 Plaut.
800 2025 945 2058 Mostell.
969 2033 1030 2059 act.
1046 2037 1089 2058 «π
1110 2022 1369 2069 sc.121.,Rudens
1390 2034 1451 2061 act.
1478 2029 1514 2062 δε
1536 2038 1580 2062 sc.
1604 2025 1640 2065 4.
1690 2027 1803 2060 Potter

346 2098 353 2105 .
432 2084 448 2105 2
465 2088 512 2095 -
574 2097 583 2105 .

255 2142 303 2179 ⁷¹)
331 2138 429 2172 Diod.
455 2137 553 2170 Sicul.
579 2136 671 2170 XIV.
695 2148 724 2170 c.
752 2138 808 2179 57.
