1981 2540
771 99 1120 144 -31-

144 203 289 254 tei-ique
315 200 544 238 Graecorum
567 200 699 252 populi
722 209 808 252 post
830 198 971 238 bellum
995 199 1350 253 peloponnesiacum
1376 202 1444 239 hae
1473 204 1641 241 avaritiae
1667 215 1775 255 peste

143 263 467 317 cupiditatumque
496 262 647 300 licentia
678 272 716 300 et
749 262 821 299 hac
844 261 1036 315 religionis
1059 277 1282 318 morumque
1300 265 1416 305 ‚ruina
1437 266 1555 315 magis
1579 268 1772 318 magisque

143 327 307 378 correpti
331 328 444 366 sunu
486 325 598 373 Quod
629 326 698 363 esti
730 324 1073 375 haudvignoranti,
1104 341 1201 377 quae
1235 338 1321 379 post
1355 328 1501 366 bellum
1531 328 1605 366 hoe
1639 339 1762 367 secuta

140 397 248 434 sunt,
282 390 367 426 satis
392 388 628 426 manifestum
659 396 747 432 est,
772 396 897 423 tamen
929 387 1118 437 quomodo
1150 389 1221 428 hoc
1253 390 1411 429 deorum
1443 391 1699 428 contemtione
1735 400 1774 429 et

139 453 338 505 sacrilegiis
361 453 486 504 palam
510 453 650 490 sactum
672 443 742 497 sit,
765 451 894 503 paucis
918 463 1107 501 exponere
1139 450 1260 490 libet..
1289 454 1476 498 Primum,
1513 454 1621 506 quod
1655 453 1774 505 Spar-

143 526 250 562 tanos
272 517 439 568 proxime
464 515 622 558 attinet,
646 515 688 552 in
710 513 930 552 memoriam
952 513 1201 552 revocaverim
1223 513 1425 567 malignam
1448 527 1564 555 artem
1570 544 1585 563 ,
1609 530 1685 569 qua
1695 516 1773 569 Ly-

141 577 277 616 sander
299 577 368 614 ille
390 587 531 615 astutus
552 577 737 629 Apollinis
759 575 888 628 Pythii
911 576 1122 615 sacerdotes
1153 589 1199 614 eo
1229 578 1424 629 perduxit,
1455 588 1496 615 ut
1525 593 1591 616 sua
1621 579 1775 617 adiuva·

141 649 228 678 rent
249 639 414 680 consilia.
443 645 493 686 ⁷²)
529 641 592 678 -Et
608 638 726 693 ,paulo
757 649 843 692 post
873 640 1048 692 Spartani
1080 640 1242 693 Delphis
1277 655 1364 680 cum
1397 642 1588 679 Thebanis
1610 643 1771 695 aliisque

142 703 318 741 Graeciae
342 703 507 754 populis.
527 704 578 740 de
601 716 695 754 paee
727 703 987 742 constituenda
1008 714 1188 753 egerunt,
1220 719 1308 743 eum
1340 705 1522 756 Apolline
1545 705 1644 741 nihil
1668 719 1768 743 com·-

140 768 370 804 municantes
394 770 446 812 ⁷³)
470 771 524 817 τῷ
545 768 611 814 μὲν
641 771 720 818 θεῷ
745 767 847 805 οὐδέν
872 768 1100 805 ἐκοινώσαντο
1124 788 1174 798 -
1198 767 1297 805 absol
1326 767 1594 814 δ’ἔβουλεῦοντο.
1645 768 1770 818 Prope

139 831 340 881 singularis
364 841 487 867 autem
511 826 581 879 hac
604 840 722 868 aetate
745 829 908 881 Agesilai
939 831 1294 869 Lacedemoniorum
1322 831 1421 882 regis
1450 831 1569 881 pietas
1600 830 1641 866 in
1679 829 1770 866 deos

138 892 253 929 fuisse
275 891 436 931 videtur.
487 892 604 928 Cuius
629 892 678 929 ad
713 893 922 930 Coroneam
954 895 1155 938 victoriae,
1186 903 1228 930 ut
1260 893 1428 931 Cornelii
1459 893 1615 944 Nepotis
1645 893 1769 929 verbis

138 963 248 1000 utar,
269 953 330 991 vel
353 953 511 991 maxima
534 953 608 992 suit
630 953 728 999 laus,
753 956 877 1007 quod,
903 971 1019 1008 quum
1041 957 1219 1008 plerique
1243 971 1286 995 ex
1311 958 1397 1008 fuga
1419 959 1460 995 in
1482 956 1665 1008 templum
1689 956 1767 994 Mi-

137 1028 273 1054 nervae
307 1030 348 1053 se
378 1017 642 1062 coniecissent,
691 1029 936 1068 quaereretur
963 1019 1013 1055 ab
1041 1032 1107 1064 eo,
1138 1020 1233 1071 quid
1264 1020 1324 1056 his
1355 1019 1438 1056 fieri
1461 1019 1595 1064 vellet,
1628 1019 1696 1056 etsi
1721 1030 1767 1056 eo

136 1077 281 1130 prndio
306 1078 447 1131 aliquot
470 1079 625 1118 vulnera
649 1092 843 1133 acceperat
864 1092 902 1120 et
925 1074 1261 1120 iratus'videbatur
1283 1082 1478 1127 omnibus,
1504 1081 1571 1133 qui
1595 1079 1768 1118 adversus

138 1154 225 1178 eum
249 1155 351 1178 arma
376 1141 554 1187 tulerant,
591 1153 717 1179 tamen
747 1145 923 1181 antetulit
955 1145 1034 1179 irae
1064 1144 1284 1194 religionem
1315 1154 1353 1181 et
1388 1157 1452 1181 eos
1482 1144 1598 1180 vetuit
1620 1142 1764 1181 violari.

140 1206 273 1256 Neque
296 1206 369 1243 hoc
393 1206 516 1249 solum
540 1208 582 1243 in
607 1206 767 1244 Graecia
789 1207 897 1251 feeit,
919 1206 985 1243 sed
1011 1207 1123 1244 etiam
1153 1206 1255 1258 apud
1285 1206 1463 1243 barbaros
1498 1219 1642 1242 summa
1674 1204 1766 1241 reli-

139 1270 252 1319 gione
283 1270 411 1306 omnia
441 1268 638 1306 simulacra
664 1279 822 1320 arasque
853 1270 1093 1307 consecravit.
1151 1268 1317 1305 Arcades
1348 1280 1486 1318 porro,
1522 1280 1573 1302 ne
1603 1267 1763 1302 minime

140 1330 296 1381 quidem
326 1341 433 1368 antea
461 1331 695 1367 Graecarum
737 1344 868 1368 rerum
902 1331 1124 1382 participes,
1170 1343 1289 1380 quum
1326 1329 1520 1379 Spartanis
1551 1327 1764 1372 debilitatis,

143 1394 340 1432 Messeniis
373 1395 698 1440 reviviscentibus,
731 1404 897 1432 ceterum
930 1396 1106 1431 omnibus
1135 1392 1387 1443 Peloponnesi
1419 1391 1533 1427 rebus
1563 1389 1764 1434 dissolutis,

138 1463 211 1507 per
243 1456 460 1501 Thebanos,
492 1459 560 1508 qui
594 1457 653 1494 his
684 1470 839 1509 quoque
868 1457 980 1494 sociis
1029 1455 1077 1493 ad
1117 1454 1364 1506 Peloponnesi
1400 1453 1659 1505 principatum
1690 1452 1764 1489 sibi

140 1517 368 1554 firmandum
400 1527 530 1555 contra
565 1519 770 1569 Spartanos
797 1519 1059 1563 abuterentur,
1095 1517 1259 1568 aliquam
1294 1526 1397 1554 certe
1436 1517 1690 1553 auctoritatem
1721 1527 1764 1551 ac

137 1581 344 1630 potentiam
369 1590 490 1617 essent
521 1581 694 1625 assecuti,
730 1594 845 1618 -anno
877 1583 1138 1620 trecentesimo
1159 1582 1381 1632 sexagesimo
1412 1590 1601 1633 quarto'a.
1627 1580 1695 1617 Ch.
1723 1592 1760 1614 n.

141 1644 185 1681 in
214 1642 364 1680 Elidem
398 1645 648 1681 excursionem
690 1644 878 1690 fecerunt,
928 1646 1200 1681 sanctissimum
1232 1642 1335 1695 apud
1371 1644 1565 1680 universos
1599 1642 1761 1678 Graecos

142 1706 346 1757 Olympiae
365 1720 492 1743 sacrae
515 1716 637 1744 terrae
657 1708 840 1759 templum
864 1707 1167 1757 exspoliaverunt
1196 1707 1323 1756 itaque
1353 1706 1519 1754 primum
1551 1714 1627 1740 toto
1657 1715 1760 1738 exer-

141 1769 219 1806 citu
249 1768 440 1820 exspoliati
470 1768 551 1805 ‘sani
586 1769 800 1821 exemplum
842 1768 1054 1809 ediderunt.
1079 1773 1135 1815 ⁷⁴)
1189 1769 1301 1817 Quod
1339 1767 1457 1806 scelus
1498 1766 1682 1804 Mantinei
1721 1774 1762 1812 et.

141 1831 279 1869 deinde
296 1832 370 1883 'alii‘
393 1845 545 1884 quoque
569 1833 730 1870 Arcades
754 1834 848 1871 adeo
872 1835 1049 1871 exsecrati
1072 1843 1181 1878 sunt,
1213 1842 1257 1869 ut
1285 1832 1449 1882 primum
1473 1842 1545 1879 per
1567 1827 1762 1864 decretum

136 1893 392 1944 prohiberent,
416 1895 551 1946 nequis
573 1897 736 1946 pecunia
759 1909 863 1934 sacra
886 1905 1072 1942 uteretur,
1103 1893 1240 1932 deinde
1263 1907 1284 1932 a
1306 1891 1457 1931 foedere
1484 1890 1678 1929 communi
1701 1902 1763 1926 re-

209 2000 255 2045 π)
278 1999 369 2038 Plut.
393 1987 469 2049 143.
495 1977 771 2039 xiv-vu.
794 2004 897 2041 Diod.
921 2005 1022 2042 Sicul.
1045 2002 1148 2042 xlv.
1177 2006 1232 2039 13.

208 2064 256 2109 ⁷³)
281 2066 433 2112 Xenoph.
458 2068 533 2107 hist.
559 2068 677 2104 Graec.
703 2064 790 2103 Vll.
814 2066 844 2109 §.
870 2079 928 2113 27.

199 2128 250 2180 7⁴)
272 2129 427 2177 Xenoph.
449 2129 523 2166 hist.
548 2129 663 2165 Graec.
688 2129 764 2167 Vll.
786 2129 824 2171 4.
848 2130 877 2173 5.
903 2133 962 2167 33.
