1981 2540
854 283 1104 341 2111.

363 380 465 426 Quae
489 375 610 414 adhuc
635 377 684 414 de
709 375 866 415 deorum
890 377 1041 430 templis
1075 378 1213 415 sanctis
1255 377 1392 415 habitis
1434 388 1500 414 seu
1532 378 1677 416 violatis
1707 387 1818 431 atque

188 439 396 492 exspoliatis
420 439 617 478 retulimus
642 439 675 477 si
699 440 886 492 respicere
907 441 1085 487 velimus,
1117 439 1183 478 illo
1208 439 1319 492 longo
1343 440 1524 492 temporis
1549 440 1685 492 spatio,
1711 440 1817 493 quod

184 503 374 554 permensi
398 516 544 548 sumus,
571 515 649 554 quo
671 503 788 554 magis
811 502 943 554 religio
968 516 1013 540 ex
1038 502 1234 540 hominum
1259 503 1393 540 animis
1414 503 1605 540 evanuerit
1626 511 1663 540 et
1685 514 1820 554 pravae

184 563 362 603 libidines
388 566 431 603 in
458 566 538 603 eius
562 564 690 603 locum
714 565 951 611 recesserint,
977 577 1021 602 eo
1047 565 1192 617 saepius
1218 574 1255 601 et
1284 567 1429 616 gravius
1463 564 1693 618 templorum
1725 578 1819 616 quo-

186 641 260 679 que
284 629 520 668 sanctitatem
544 628 751 678 neglectaui
775 641 818 665 ac
842 628 1026 679 pollutam
1051 641 1129 665 esse
1161 637 1321 673 constat,
1354 641 1426 666 nec
1459 629 1505 664 ab
1539 622 1630 678 ipsis
1666 627 1819 665 Graecis

185 689 247 728 vel
271 692 435 728 maxime
460 690 551 726 inde
576 704 595 726 a
620 689 720 727 bello
745 690 1062 742 peloponnesiaco
1090 700 1128 727 et
1150 690 1190 726 in
1215 690 1273 727 his
1295 690 1453 726 minime
1475 689 1521 726 ab
1540 688 1694 735 Aetolis,
1717 690 1820 741 rapi·

185 753 246 790 nis
265 762 301 789 et
326 751 550 803 templorum
576 750 931 803 depopulationibus
954 752 1053 790 male
1078 752 1187 798 notis,
1213 765 1283 790 nec
1302 766 1323 790 a
1340 751 1516 804 Philippo
1541 751 1668 796 tertio,
1694 741 1820 789 Mace·

188 814 331 869 donum
356 828 468 865 rege,
494 827 619 865 neque
645 814 690 850 ab
718 815 921 867 Antiocho,
946 828 1072 866 neque
1096 829 1118 851 a
1142 814 1382 860 Mithridate,
1411 827 1482 851 nec
1519 827 1541 849 a
1564 813 1820 865 praedonibus

185 877 404 922 maritimis,
430 889 556 928 neque
581 876 627 912 ab
664 876 865 923 Romanis,
899 886 1100 929 postquam
1125 877 1238 915 etiam
1261 876 1336 923 his,
1367 876 1499 929 primis
1525 876 1700 913 aetatibus
1731 874 1822 913 reli-

186 939 413 991 giosissimis,
437 940 610 984 avaritia,
635 938 779 976 luxuria
805 950 843 977 et
866 940 1018 978 ambitio
1043 949 1157 978 totam
1181 940 1405 991 religionem
1430 948 1540 989 atque
1564 939 1604 975 in
1630 938 1718 976 deos
1742 939 1823 990 pie-

186 1010 305 1040 tatem
326 1002 488 1052 eripuit,
515 1001 747 1038 Graecorum
773 1002 913 1052 templa
937 1011 1012 1039 tuta
1037 1012 1148 1055 atque
1171 1002 1349 1040 inviolata
1372 1000 1438 1039 sed
1471 1010 1598 1038 contra
1632 999 1818 1052 supplices

188 1062 391 1102 abstractos
417 1073 454 1101 et
477 1076 537 1100 res
561 1076 681 1101 sacras
706 1077 778 1114 per
801 1063 972 1101 homines
1003 1078 1128 1103 avaros
1161 1066 1241 1103 sine
1273 1063 1351 1103 ullo
1381 1063 1526 1116 pudore
1559 1076 1602 1101 ac
1636 1062 1819 1113 religione

185 1124 359 1176 spoliatas
383 1125 557 1165 vidimus.
614 1125 665 1162 Et
699 1138 742 1161 ea
775 1126 963 1176 imprimis
995 1126 1155 1178 templa,
1193 1140 1288 1178 quae
1319 1127 1507 1178 pecuniis,
1540 1125 1654 1169 vasis,
1689 1125 1818 1174 signis,

184 1188 334 1232 statuis,
360 1196 403 1225 ut
426 1187 590 1226 breviter
615 1186 750 1233 dicam,
776 1186 914 1225 divitiis
938 1186 1190 1234 abundabant,
1216 1187 1272 1225 vel
1296 1201 1366 1240 per
1396 1187 1492 1225 latos·
1520 1199 1626 1237 agros
1658 1195 1693 1224 et
1715 1195 1820 1238 prata

183 1248 460 1287 frumentorum
494 1259 531 1286 et
569 1262 724 1301 gregum
747 1263 921 1300 magnam
945 1249 1133 1287 habebant
1162 1251 1328 1301 copiam,
1361 1250 1585 1302 petebantur
1615 1258 1652 1286 et
1684 1247 1822 1299 spolia-

184 1311 335 1350 bantur.
385 1312 532 1375 ltaque
541 1312 741 1348 hominum
766 1311 918 1348 avaritia
951 1311 1090 1356 effecit,
1122 1320 1164 1348 ut
1193 1311 1334 1362 templa
1369 1324 1447 1348 non
1477 1320 1556 1348 tam
1587 1309 1821 1360 supplicibus

159 1372 349 1418 tviolatis„
400 1357 532 1424 quam'⁴
548 1374 662 1410 sacris
698 1373 810 1411 rebus
841 1371 971 1410 ablatis
1000 1373 1272 1425 polluerentur.
1324 1373 1509 1419 Quoniam
1543 1372 1659 1424 igitur
1689 1370 1820 1423 religio

188 1436 266 1474 sola
289 1448 360 1486 per
383 1448 422 1472 se
448 1448 519 1472 nec
543 1435 731 1487 supplices
764 1438 809 1473 ab
845 1435 1042 1473 hominum
1079 1436 1150 1481 ira,
1199 1447 1271 1473 nec
1301 1448 1419 1472 sacras
1450 1448 1509 1473 res
1540 1435 1587 1472 ab
1623 1437 1820 1475 hominum

188 1498 344 1536 avaritia
368 1506 462 1533 tutas
486 1507 675 1548 praestare
699 1497 865 1543 valebat,
890 1497 1028 1535 factum
1052 1507 1127 1535 est,
1151 1507 1194 1536 ut
1217 1498 1267 1543 ii,
1292 1498 1360 1549 qui
1384 1496 1482 1535 illud
1498 1498 1573 1536 iam
1594 1499 1689 1538 tristi
1713 1512 1821 1552 expe·

184 1561 324 1598 rientia
348 1558 487 1606 edocti,
514 1561 571 1597 sui
597 1569 722 1597 tamen
747 1559 881 1611 templi
906 1560 1136 1606 sanctitatem
1170 1573 1213 1597 ae
1246 1559 1397 1605 tutelam
1426 1561 1589 1598 retinere
1622 1573 1815 1614 cuperent,

185 1628 286 1665 hanc
309 1639 380 1679 per
403 1637 531 1674 regum
556 1623 613 1660 vel
640 1623 832 1660 civitatum
857 1621 1023 1667 decreta,
1048 1624 1081 1659 si
1111 1622 1203 1659 haec
1235 1621 1372 1659 violata
1404 1632 1516 1668 esset,
1552 1622 1818 1662 restituendam

186 1690 244 1730 vel
269 1686 568 1729 constituendam
591 1685 651 1723 vel
674 1687 784 1724 etiam
819 1684 1085 1737 amplificando
1119 1685 1343 1724 firmandam
1376 1697 1561 1727 curarent.
1613 1688 1716 1735 Quae
1746 1700 1818 1732 res,

187 1763 286 1791 certe
312 1750 417 1803 quod
440 1750 551 1787 Asiae
574 1748 731 1785 minoris
754 1748 861 1793 sana,
887 1760 1046 1799 quorum
1071 1747 1258 1799 permulta
1280 1747 1508 1787 Graecorum
1526 1750 1622 1788 sanis
1639 1749 1820 1788 adnuae-

185 1814 304 1854 randa
329 1823 431 1859 sunt,
457 1813 609 1857 attinet,
637 1810 724 1847 satis
748 1809 873 1847 multis
898 1809 1131 1848 documentis
1155 1809 1255 1848 ultra
1278 1823 1429 1850 omnem
1463 1810 1732 1850 dubitationem
1764 1823 1819 1851 est

187 1879 329 1929 posita,
355 1889 451 1927 quae
476 1875 587 1911 Asiae
612 1873 770 1910 minoris
795 1873 978 1917 civitates,
1018 1886 1135 1922 quum
1161 1873 1315 1911 Tiberio
1358 1883 1537 1925 regnante
1562 1873 1719 1912 Senatus
1742 1875 1817 1912 Ro-

188 1952 323 1976 manus
360 1937 550 1987 asylorum
573 1937 658 1972 iura
683 1934 920 1980 examinaret,
956 1933 1057 1970 haud
1089 1935 1293 1973 omiserunt
1322 1948 1548 1988 proponere.
1597 1936 1698 1974 Tum
1724 1946 1816 1974 tem-

187 2002 293 2052 poris
319 1999 440 2043 enim,
464 1999 497 2035 si
522 1998 668 2035 veniam
701 1996 795 2034 mihi
827 1997 916 2047 ipsis
947 1996 1083 2048 ‘Taciti
1098 1998 1166 2044 ¹¹²)
1199 1997 1320 2036 verbis
1355 1997 1487 2035 utendi
1518 1996 1682 2044 dederis,
1709 1999 1815 2049 Mag-

260 2172 327 2221 ιιι)
353 2171 471 2208 Annal.
497 2168 556 2208 111.
582 2172 682 2225 69—
705 2170 761 2205 63.
