1981 2540
177 206 248 242 hoc
270 205 309 241 iu
336 217 398 242 eos
425 214 500 242 tam
526 205 684 256 graviter
708 216 753 241 ex
776 202 1097 254 Amphictyonum
1122 201 1272 239 decreto
1297 214 1367 253 per
1389 203 1571 242 Solonem
1589 212 1633 242 et
1647 203 1810 242 Clisthe-

172 281 261 305 nem
275 267 498 319 Sicyonium
518 266 814 304 animadversum
829 274 899 310 est,
923 274 966 302 ut
976 277 1043 302 suo
1058 265 1226 316 ipsorum
1241 276 1329 313 agro
1347 264 1619 304 mulctarentur
1631 276 1667 304 et
1678 279 1809 304 eorum

176 330 364 381 oppidum
388 339 624 367 everteretur.
676 326 788 373 Quod
811 340 932 363 unum
956 327 1073 376 igitur
1104 325 1319 377 exemplum
1342 325 1439 362 nihil
1464 327 1730 378 impedimenti
1759 327 1814 366 as·

175 393 261 438 fert,
288 393 487 444 quominus
500 391 748 435 arbitremur,
774 403 820 426 ex
845 387 1004 426 deorum
1029 387 1177 439 templis
1203 401 1322 438 usque
1345 386 1395 424 ad
1417 385 1555 425 bellum
1580 390 1813 441 peloponne-

176 456 319 494 siacum
343 468 400 490 res
425 466 544 490 sacras
569 453 728 490 minime
753 450 889 489 ablatas
913 463 1004 490 esse.
1054 450 1245 488 Postremo
1269 459 1312 487 ut
1343 448 1392 487 ad
1424 450 1571 488 tertiam
1600 463 1702 496 rem,
1739 465 1813 504 qna

176 516 315 567 templa
339 525 466 553 sancta
491 515 701 560 violantur,
735 513 1067 563 transgrediamur,
1110 513 1254 549 etiamsi
1286 513 1372 563 quis
1408 511 1586 563 Cylonios
1611 521 1649 549 et
1673 513 1813 550 Pausa-

176 579 278 615 niam
303 578 406 616 hunc
432 578 474 614 in
500 590 702 614 numerum
726 575 911 620 retulerit,
936 587 1014 611 non
1039 583 1164 611 tamen
1196 582 1297 612 tauta
1320 573 1394 612 fuit
1426 587 1556 612 eorum
1586 574 1712 627 copia,
1746 575 1815 627 qui

175 641 338 692 impuris
362 640 539 677 manibus
565 639 613 676 ad
645 640 734 676 deos
766 637 943 675 accedere
973 636 1050 673 ausi
1080 636 1179 681 sint,
1226 648 1270 673 ut
1303 635 1477 673 homines
1510 636 1624 673 caede
1650 636 1708 674 vel
1738 637 1813 675 alio

178 703 320 740 scelere
345 702 507 753 pollutos
531 701 579 738 ad
605 700 743 751 templa
768 699 967 750 confugere
992 699 1116 750 iisque
1141 698 1266 749 excipi
1289 698 1329 734 in
1355 711 1426 735 usu
1456 698 1570 735 luisse
1601 707 1811 738 statuamus.

182 764 370 811 Quidnam
408 777 496 801 vero
532 764 579 801 ad
612 764 683 801 hoc
721 776 839 813 usque
875 770 1023 812 tempus
1059 759 1165 799 illam
1199 762 1431 799 sanctitatem
1466 774 1510 798 ac
1541 759 1693 798 tutelam
1725 770 1818 798 tem-

178 825 252 877 plis
278 825 469 862 attribuit?
519 825 623 861 nulla
649 825 816 875 profecto
841 823 914 860 alia
937 837 1016 868 res,
1042 836 1155 873 quam
1178 822 1331 873 religio,
1363 823 1487 861 adhuc
1512 823 1711 860 hominum
1734 824 1816 861 ani-

180 889 252 925 mis
277 887 370 925 adeo
397 887 553 924 firmiter
585 886 720 932 infixa,
753 896 797 924 ut
829 885 920 923 deos
951 895 1122 923 verentes
1155 898 1228 923 nec
1259 885 1449 931 homines,
1474 886 1557 937 [qui
1587 885 1629 922 iu
1659 884 1818 924 deorum

176 949 293 988 tutela
318 959 456 994 essent,
482 963 553 986 nec
568 962 648 994 res,
671 961 767 1000 quae
790 947 861 985 diis
879 957 1116 985 consecratae
1135 961 1342 1000 eorumque
1362 948 1476 999 igitur
1487 957 1627 994 essent,
1646 947 1818 1000 abripere

179 1012 240 1050 vel
265 1021 417 1061 tangere
443 1011 634 1051 auderent.
684 1010 828 1047 Eadem
854 1023 1007 1061 quoque
1029 1010 1181 1060 religio,
1206 1024 1272 1047 seu
1296 1012 1414 1061 pietas
1440 1011 1481 1046 in
1505 1010 1594 1047 deos
1614 1023 1682 1046 seu
1705 1011 1819 1048 timor

182 1072 434 1123 impediebat,
459 1073 661 1123 quominus
685 1071 754 1108 ille
776 1073 989 1109 animorum
1012 1071 1136 1110 fervor
1159 1072 1272 1109 nimis
1297 1071 1550 1109 exardesceret
1581 1071 1623 1108 in
1655 1072 1758 1108 iram·
1774 1083 1818 1108 ac

183 1147 244 1170 res
269 1132 439 1170 crudeles
463 1144 502 1170 et
526 1134 716 1177 homines,
752 1147 828 1183 quo
860 1146 926 1170 sua
957 1147 1146 1184 quemque
1175 1134 1294 1172 libido
1329 1144 1367 1172 et
1398 1135 1455 1171 sui
1485 1147 1675 1185 quemque
1699 1134 1816 1185 ipsius

185 1194 373 1232 commodi
396 1194 566 1232 studium
598 1194 737 1231 ducere
770 1194 909 1239 solent,
941 1194 1016 1230 hue
1047 1194 1323 1246 abriperentur.
1353 1222 1356 1224 -

331 1256 408 1294 Sed
427 1256 560 1306 religio
577 1256 832 1300 Graecorum,
858 1267 986 1306 utpote
1007 1270 1123 1307 quae,
1149 1258 1216 1294 etsi
1227 1258 1390 1309 antiquis
1407 1259 1483 1295 iam
1501 1258 1732 1307 temporibus
1749 1269 1819 1312 per

184 1317 348 1355 vividam
360 1318 549 1368 imprimis
565 1327 762 1368 poctarum
779 1318 1039 1367 cogitationem
1053 1317 1257 1355 admodum
1271 1318 1384 1367 ,laetis
1404 1328 1580 1356 exornata
1596 1328 1675 1355 erat
1689 1318 1819 1370 imagi-

188 1381 322 1421 nibus,
343 1382 497 1416 veritate
520 1389 644 1416 tamen
666 1389 809 1416 careret
827 1392 897 1416 nec
913 1380 984 1416 nisi
1003 1380 1183 1417 iuveniles
1204 1382 1359 1426 animos,
1385 1381 1452 1432 qui
1468 1381 1574 1417 laetis
1592 1380 1818 1432 imaginibus

190 1455 276 1479 cum
295 1441 427 1491 gaudio
440 1441 636 1479 inhaerere
650 1441 789 1486 solent,
806 1454 940 1493 capere
958 1451 1070 1493 atque
1085 1441 1272 1480 oblectare
1282 1441 1433 1487 valeret,
1455 1442 1608 1480 simulac
1627 1443 1704 1480 veri
1713 1441 1822 1480 inda-

192 1504 306 1555 gandi
323 1503 509 1549 studium,
534 1504 732 1542 hominum
754 1505 889 1541 animis
907 1505 1073 1550 insitum,
1100 1514 1243 1543 mentes
1257 1505 1436 1556 exagitare
1449 1514 1513 1542 aut
1532 1504 1660 1556 aliqua
1680 1518 1740 1542 rea
1754 1518 1822 1542 seu

190 1566 343 1619 publica
367 1580 433 1603 seu
457 1567 597 1618 privata
622 1569 767 1605 animos
793 1580 976 1618 occupare
1009 1568 1148 1618 coepit,
1182 1581 1260 1606 non
1294 1568 1455 1619 amplius
1491 1581 1562 1605 nee
1593 1568 1821 1618 sapientibus

188 1630 277 1666 satis
316 1629 439 1665 facere
492 1642 562 1665 nec
594 1630 791 1666 hominum
828 1629 1050 1680 cupiditates
1087 1642 1259 1667 coercere
1292 1639 1330 1666 et
1368 1638 1499 1679 regere
1523 1631 1658 1680 potuit.
1707 1629 1820 1666 Unde

189 1691 331 1729 sactum
357 1700 432 1736 est,
457 1700 500 1729 ut
525 1701 604 1729 tum
628 1691 861 1743 philosophi,
885 1690 1001 1728 veluti
1025 1693 1101 1728 iam
1125 1692 1176 1739 ii,
1200 1693 1270 1743 qui
1295 1692 1412 1729 Ionici
1433 1702 1631 1739 vocantur,
1663 1692 1822 1729 maxime

189 1767 275 1791 vero
301 1755 559 1804 Anaxagoras,
584 1754 700 1804 primi
725 1754 771 1789 ab
803 1754 956 1804 antiqua
980 1767 1024 1790 ac
1055 1753 1199 1805 vulgari
1233 1753 1417 1805 religione
1438 1754 1589 1805 diisque
1619 1754 1749 1805 patriis
1782 1767 1822 1791 se

191 1815 420 1860 abdicarent,
447 1825 527 1853 tum
553 1828 629 1867 quo
654 1816 771 1865 magis
796 1828 854 1852 res
884 1828 949 1852 seu
972 1815 1128 1867 publica
1159 1828 1225 1853 seu
1255 1817 1399 1867 privata
1428 1816 1637 1861 crescebat,
1677 1825 1820 1854 mentes

193 1878 376 1914 excolebat
398 1879 618 1929 animosque
642 1878 712 1914 sibi
737 1877 968 1922 vindicabat,
994 1890 1038 1914 eo
1064 1878 1180 1927 magis
1204 1877 1334 1929 religio
1359 1891 1402 1915 ac
1430 1879 1550 1930 pietas
1579 1879 1622 1914 in
1652 1878 1743 1915 deos
1774 1889 1821 1915 ex

193 1938 391 1976 hominum
416 1939 547 1976 animis
572 1939 776 1976 recesserit.
827 1938 927 1980 Haec
952 1947 1076 1975 tamen
1100 1937 1293 1990 religionis
1316 1940 1444 1985 niina,
1470 1952 1546 1991 quo
1559 1938 1708 1990 longius
1731 1951 1821 1991 pro-

192 1999 376 2043 cedimus,
403 2013 446 2036 co
471 2002 589 2038 maior
613 2011 649 2038 et
673 2002 747 2037 iam
773 2011 857 2037 ante
881 2000 1026 2038 bellum
1050 2001 1409 2053 peloponnesiacum
1432 2002 1593 2047 invecta,
1620 2003 1819 2053 quominus

190 2061 316 2099 subito
349 2061 534 2112 ingruerit
563 2071 599 2099 et
629 2062 755 2114 palam
778 2063 874 2100 sacta
898 2063 947 2100 sit
981 2073 1019 2101 et
1045 2076 1168 2102 mores
1200 2062 1418 2115 depravatos
1448 2073 1559 2116 atque
1595 2059 1816 2115 cupiditates

189 2124 383 2162 effrenatas
408 2124 534 2160 statim
557 2137 685 2162 secum
708 2125 875 2171 duxerit,
900 2125 1085 2176 imprimis
1110 2137 1154 2165 eo
1178 2125 1405 2179 impeditum
1436 2136 1507 2174 cst,
1538 2125 1643 2178 quod.
1673 2125 1817 2176 patriae
