1981 2540
155 214 215 238 sae
228 210 265 238 et
280 200 320 238 in
341 201 536 240 Minervae
550 203 640 239 etin
656 200 735 238 aliis
752 199 901 251 templis
913 208 1047 245 essent,
1070 206 1263 236 enumerat
1271 199 1491 253 veniamque
1510 209 1548 238 et
1562 200 1668 252 spem
1682 198 1783 246 fecit,

154 276 233 301 sese
257 274 295 301 et
318 264 378 302 his
406 265 585 302 thesauris
605 275 641 301 et
658 265 738 315 ipso
752 275 853 306 auro,
879 274 954 314 quo
974 261 1045 298 dea
1061 260 1289 300 circumdata
1302 264 1468 307 essetrsi
1489 265 1644 301 summis
1657 274 1785 301 rernm

154 328 335 376 angustiis
369 336 646 378 premerentur,
680 337 758 362 esse
788 338 921 362 usuros
954 324 1017 372 ⁶⁵).
1067 324 1304 374 Quamquam
1333 323 1431 361 lianc
1461 324 1512 361 ob
1540 339 1621 363 rem
1650 324 1785 363 Pericli

153 389 282 426 minus
295 390 418 426 ,irasci
443 401 567 439 neque
592 388 642 425 ita
666 400 802 439 magno
827 386 966 425 ducere
989 399 1186 439 possumus
1211 386 1384 432 crimini,
1414 387 1637 437 praesertim
1668 399 1786 439 quum

153 450 252 488 hanc
276 450 531 488 conditionem
555 451 648 502 ipsis
673 451 797 488 verbis
822 449 1021 494 addiderit,
1047 448 1252 488 dummodo
1277 448 1350 486 hoe
1373 461 1507 485 aurum
1530 456 1568 485 et
1600 447 1691 485 haec
1719 461 1788 500 pe-

154 514 264 555 cunia
289 512 390 549 haud
415 513 564 550 minore
588 512 758 564 pondere
781 512 1082 557 restituerentur,
1110 509 1212 547 malo
1245 519 1370 548 tamen
1393 510 1441 548 in‘
1460 519 1649 562 posterum
1672 509 1786 547 fuisse

153 574 324 626 exemplo
364 575 504 612 infitias
546 576 602 612 ire
641 588 719 612 non
762 586 969 624 possumus.
1044 573 1095 609 Et
1125 572 1308 622 pecunias
1349 585 1470 610 sacras
1511 573 1553 609 in
1595 572 1668 610 hoo
1706 583 1786 609 non

151 645 298 673 tantum
323 646 470 674 mutuas
494 646 675 688 sumptas,
699 635 765 673 sed
778 636 887 673 etiam
897 647 1023 672 revera
1036 633 1178 671 ablatas
1200 645 1296 679 esse,
1320 633 1391 671 hac
1405 633 1663 680 induciarum,
1688 645 1786 686 qnae

152 698 469 736 Lacedaemonios
488 700 587 736 inter
605 709 641 736 et
660 699 903 736 Athenienses
917 707 1005 735 sunt
1019 697 1155 741 factae,
1179 695 1418 741 conditione,
1443 696 1532 733 satis
1556 704 1659 733 certo
1684 698 1787 737 testi-

153 762 282 799 monio
308 761 571 800 confirmatur:
609 761 920 805 Atheniensibus,
953 758 1259 797 Lacedaemoniis
1293 758 1501 810 ceterisque
1534 767 1630 797 esset
1661 771 1787 804 curae,

153 833 196 859 ut
221 824 267 867 ii,
295 824 360 873 qui
387 837 431 860 ex
457 823 642 873 Apollinis
669 822 844 873 Delphici
869 821 1011 873 templo
1036 834 1177 859 sacram
1199 821 1403 873 pecuniam
1435 820 1697 867 abstulissent,
1722 819 1788 859 de-

153 883 483 934 prehenderentur
509 895 546 921 et
570 886 611 921 in
636 898 697 923 eos
723 886 807 922 iure
832 895 947 936 atque
984 897 1025 922 ex
1054 884 1242 921 maiorum
1272 883 1448 921 institutis
1480 883 1789 921 animadvertere-

152 955 214 982 tur
237 945 288 994 ⁶⁶)
340 945 439 992 Quid
465 946 618 984 tandem
656 960 700 984 cx
731 960 796 993 eo,
830 947 933 998 quod
963 946 1208 985 Athenienses
1246 945 1400 983 Delium
1434 944 1533 982 illud
1564 945 1607 983 in
1636 945 1789 984 Boeotia

151 1009 266 1045 situm
292 1009 567 1046 sanctissimum
592 1008 779 1061 Apollinis
804 1009 997 1062 templum,
1023 1009 1070 1047 de
1087 1023 1163 1061 quo
1188 1010 1263 1046 iam
1286 1022 1399 1060 supra
1423 1007 1605 1059 dirimas,
1629 1020 1789 1059 occupa-

91 1105 93 1107 ,
154 1079 246 1107 runt
270 1079 306 1107 et
332 1070 372 1106 id
407 1070 601 1108 castellum
629 1071 815 1116 fecerunt,
866 1072 969 1109 unde
999 1072 1171 1110 Boeotiae
1197 1071 1312 1109 'urbes
1344 1070 1593 1108 democratiae
1625 1069 1788 1108 faventes

155 1130 346 1177 adiuvare,
374 1137 512 1169 ceteras
538 1146 623 1170 vero
649 1133 826 1170 invadere
849 1144 1020 1184 possent,
1042 1135 1168 1185 itaque
1194 1144 1310 1172 totum
1340 1133 1413 1171 hoc
1442 1132 1571 1170 fanum
1601 1133 1788 1171 sanctissi-

152 1207 258 1230 mum
291 1207 495 1246 omnesque
528 1195 605 1232 eius
638 1209 697 1232 res
723 1209 840 1232 sacras
873 1196 914 1231 in
946 1208 1056 1232 suum
1088 1195 1288 1246 profanum
1320 1208 1430 1232 nsum
1462 1205 1677 1233 convertere
1708 1207 1787 1233 non

153 1265 241 1293 sunt
278 1258 407 1302 veriti,
443 1256 547 1294 aliud
571 1257 757 1295 coniicere
781 1256 889 1302 licet,
915 1258 990 1295 nisi
1015 1256 1211 1295 utilitatem
1235 1258 1277 1295 in
1302 1257 1561 1304 Athenienses,
1584 1258 1787 1309 praecipue

155 1318 196 1354 in
224 1331 307 1363 eos,
333 1319 399 1369 qui
423 1329 619 1370 praeerant
642 1321 699 1356 rei
724 1319 914 1371 publicae,
947 1319 1030 1371 plus
1066 1318 1251 1369 religione
1283 1318 1460 1357 valuisse?
1515 1320 1651 1357 Nonne
1674 1319 1787 1358 etiam

159 1393 200 1416 ex
226 1393 285 1424 eo,
313 1380 415 1431 quod
441 1382 686 1419 Athenienses
711 1382 910 1420 artificiosa
935 1382 1120 1427 oratione,
1145 1394 1234 1418 sane
1252 1374 1444 1433 sophistis
1468 1380 1600 1433 digna,
1624 1382 1786 1420 Boeotiis

158 1443 384 1492 persuadere
410 1453 617 1490 tentarunt,
643 1443 866 1495 religionem
904 1457 981 1482 non
1000 1454 1092 1481 'esse
1127 1443 1285 1489 laesam,
1317 1443 1405 1481 belli
1437 1446 1539 1481 enim
1570 1445 1788 1482 necessitate

159 1514 305 1541 coactos
330 1518 407 1541 sese
433 1506 504 1543 hoc
527 1507 567 1542 in
593 1506 777 1558 templum
803 1505 1031 1557 confugisse,
1056 1505 1141 1543 satis
1161 1504 1419 1556 intelligimus,
1445 1518 1558 1558 quam
1576 1504 1677 1543 illam
1699 1518 1788 1558 pra-

158 1581 240 1603 vam
267 1567 525 1617 Sophistarum
550 1569 758 1606 doctrinam
783 1570 822 1606 hi
848 1570 922 1605 iam
946 1583 1051 1606 auam
1075 1569 1246 1606 fecissent
1267 1568 1329 1616 ⁶⁷).
1356 1569 1477 1606 Iidem
1493 1570 1648 1615 iterum,
1669 1583 1787 1620 quum

157 1627 306 1673 Delum,
342 1638 505 1665 sanctam
528 1629 698 1676 insulam,
733 1641 813 1668 tum
845 1631 1023 1681 temporis
1057 1630 1250 1681 Spartanis
1288 1631 1493 1675 faventem,
1541 1631 1610 1667 etsi
1641 1642 1786 1672 morem

157 1690 324 1740 priorem
348 1690 398 1738 ⁶⁸)
424 1692 540 1731 secuti
562 1706 631 1730 nec
655 1693 759 1730 aliud
785 1692 991 1745 quidquam
1017 1706 1094 1731 sese
1117 1692 1278 1730 facturos
1302 1705 1399 1738 esse,
1432 1692 1507 1730 nisi
1529 1702 1572 1730 ut
1595 1692 1692 1731 hanc
1723 1706 1786 1731 ex·-

157 1753 307 1802 piarent
338 1755 496 1805 eiusque
521 1756 751 1792 sanctitatem
786 1755 1048 1801 defenderent,
1098 1755 1332 1801 simulantes,
1368 1755 1481 1793 verbo
1506 1756 1717 1806 expiarent,
1742 1768 1784 1793 re

158 1828 242 1852 vera
267 1826 390 1854 autem
416 1817 557 1856 incolas
583 1827 660 1856 tota
684 1831 729 1856 ex
753 1817 876 1856 insula
900 1806 1080 1858 eiicerent
1104 1831 1261 1869 eamque
1284 1832 1388 1858 suam
1413 1819 1455 1857 in
1478 1827 1699 1870 potestatem
1722 1832 1782 1858 re-

229 1943 282 1987 ⁶⁵)
307 1948 455 1993 Thucyd.
482 1948 527 1987 11.
558 1954 612 1985 «3.

228 2005 279 2054 ⁶⁶)
305 2010 454 2054 Thucyd.
480 2012 538 2048 IV.
567 2017 645 2048 118.

226 2068 278 2114 ⁶⁷)
304 2071 456 2117 Thucyd.
483 2073 540 2107 IV.
567 2084 623 2117 90.
651 2079 829 2120 97—98·

223 2131 279 2175 ⁶⁸)
303 2133 455 2180 Thucyd.
482 2135 527 2171 V.
556 2147 583 2168 ι.
634 2136 758 2173 Boekh,
784 2134 814 2174 I.
836 2135 910 2179 440
935 2147 967 2173 et
991 2151 1063 2187 seq.
