1981 2540
126 248 239 302 paulo
263 259 350 301 post
374 261 418 287 eo
443 249 590 301 expiare
611 244 1069 297 voluit,iquod.aponini
1084 243 1455 285 'ret'lovirdimidim-
1480 247 1757 301 'gri‘l'heh‘ani

127 322 287 365 partem,
313 312 384 357 his,
399 324 503 363 -quos
518 311 605 360 ¹miri
629 307 937 361 persequebatur»
957 307 1065 356 odio,
1091 317 1273 359 ereptum,
1296 308 1415 345 cuins:
1430 311 1623 351 exui-edim
1639 320 1758 363 φασιν

129 376 211 413 nias
232 385 356 426 raptas
381 373 436 411 illi
459 374 690 426 reciperent,
716 372 817 410 dono
843 371 960 411 dedit.
1010 373 1107 410 Post:
1122 371 1266 410 Sullam
1289 370 1617 418 nobiles-Romani
1640 374 1759 412 Grae-

130 449 260 476 corum
280 437 382 486 signa
407 445 445 472 et
468 433 610 473 tabulas
636 434 684 472 ad
707 435 890 472 insaniam
916 435 1181 486 concupiscere
1205 444 1422 486 coeperunt,
1472 438 1600 485 ltaque
1622 437 1759 483 evenit,

130 508 173 537 ut
205 500 316 537 etiam
349 499 608 548 augustissima
642 497 872 536 Graecorum
913 496 1052 547 templa
1090 496 1349 547 spoliarentur.
1414 498 1537 544 Quam
1559 489 1760 536 {insaniam

129 572 240 613 atque
264 562 496 612 impietatem
520 575 613 613 prae
637 561 810 599 omuibus
834 559 946 596 nobis
967 559 1103 596 Verres
1130 558 1373 597 illminla'mis
1393 559 1534 611 praedo
1550 570 1645 598 -ante
1668 573 1761 607 ocn-

128 624 185 662 los
216 625 354 676 posuit.
406 625 483 670 Qui
515 638 632 674 quum
660 623 729 660 Cn.
756 621 974 660 Dolabellae
998 620 1158 671 legatus,
1191 634 1256 658 seu
1273 623 1412 672 ⁴‘potius
1438 622 1762 662 omnium-scele-

128 700 218 724 rum
252 700 332 724 non
363 695 505 723 tantum
535 687 674 730 socius,
708 684 774 722 sed
805 685 1124 735 princeps-esset,
1160 683 1322 722 >Athenis
1358 697 1422 721 αι’
1442 684 1651 722 Minervae>
1664 685 1762 723 aede

129 746 274 800 grande
300 749 382 785 auri
407 747 554 798 pondus
580 746 746 789 abstulit3
773 746 924 791 deinde,
950 755 1148 798 postquam
1177 746 1317 783 Delum
1339 747 1458 792 venit,
1484 759 1505 783 e
1530 747 1616 794 fano
1641 747 1762 797 Apol-

128 810 219 849 linis
243 809 517 862 religiosissimo
542 810 646 859 signa
667 808 924 860 pulcherrima
948 809 1045 847 clam
1070 807 1220 846 sustulit
1250 818 1287 847 et
1318 809 1361 846 in
1398 810 1760 853 navemssnerarinm

129 873 366 912 coniicienda
389 874 553 918 curavit3
579 873 621 909 in
646 873 774 909 Asiam
798 885 885 922 {vero
910 871 977 920 ubi
1002 881 1251 921 transgressus
1273 881 1344 918 est,
1374 871 1487 916 Chii,
1522 871 1690 922 Erythris
1723 881 1761 909 et

128 926 380 974 Halicarnassi
413 936 519 988 signa
552 934 830 986 pulcherrima,
859 933 1008 972 Tenedi
1033 943 1346 986 autem-praeter
1381 933 1537 972 multam
1563 935 1762 986 pecuniam

127 1000 273 1036 Tenem
298 999 436 1049 ipsum,
462 998 530 1047 qui
554 996 659 1047 apud
672 996 862 1033 Tenedios
886 997 1141 1033 sanctissimus.
1153 997 1366 1034 habebatur
1390 997 1493 1042 deus,
1519 1010 1654 1047 magno
1673 1010 1760 1034 cum

131 1060 289 1099 civitatis
314 1059 456 1110 gemitu
481 1057 640 1103 abstulit,
668 1068 746 1095 tum
764 1058 919 1096 Iunonis
935 1058 1080 1096 Samiae
1102 1059 1230 1096 sanum
1246 1060 1549 1111 antiquissimum
1574 1058 1760 1111 exspolia-

131 1123 185 1160 vit
209 1132 321 1172 atque
338 1131 383 1162 et
407 1119 497 1156 inde
522 1118 662 1155 tabulas
689 1128 726 1155 et
749 1120 855 1169 signa
878 1120 1054 1170 plurima,
1080 1135 1175 1172 quae
1199 1132 1326 1172 postea
1353 1121 1492 1159 Romae
1518 1121 1620 1160 domi
1644 1122 1760 1173 ipsius

131 1183 179 1221 ad
209 1183 402 1221 columnas
436 1194 565 1219 omnes
593 1181 703 1218 etiam
737 1182 779 1218 in
809 1182 983 1219 omnibus
1026 1182 1344 1228 intercolumniis,
1382 1184 1424 1220 in
1456 1184 1558 1235 sylva
1594 1183 1761 1236 denique

131 1245 312 1297 disposita
337 1244 458 1282 videri
481 1254 666 1296 poterant,
691 1244 831 1295 rapuit,
856 1243 1039 1296 Aspendi,-
1064 1245 1200 1283 nobili.
1219 1245 1461 1298 Pamphyliae
1494 1247 1657 1298 oppido,
1687 1247 1762 1297 sig-

131 1322 269 1348 norum
293 1309 524 1360 optimorum
539 1307 771 1358 plenissimo,
796 1306 947 1345 nullum
969 1307 1233 1359 reliquit‚'sed
1255 1310 1383 1346 omnia
1415 1322 1461 1346 ex
1486 1309 1581 1349 sanis
1607 1319 1645 1346 et
1668 1309 1761 1347 locis

132 1371 298 1422 publicis
322 1369 457 1420 palam,
483 1369 658 1406 omnibus
685 1369 959 1420 spectantibus,
986 1369 1140 1420 plostris
1165 1370 1305 1414 evexit,
1342 1371 1482 1419 Pergae
1515 1370 1644 1408 sanum
1668 1371 1762 1408 anti-

135 1432 357 1485 quissimum
398 1441 437 1470 et
479 1432 754 1470 sanctissimum
779 1432 923 1470 Dianae
954 1430 1046 1469 adeo
1084 1431 1322 1483 exspoliavit,
1356 1442 1397 1470 ut
1421 1433 1494 1484 ipsi
1519 1431 1629 1478 deae,
1657 1433 1760 1484 quod

132 1495 296 1532 habebat
324 1495 423 1539 auri,
457 1494 670 1532 detraxerit.
719 1494 772 1532 lta
801 1495 933 1534 Verres
969 1507 1039 1545 per
1081 1504 1233 1545 paccata
1263 1495 1450 1531 sociorum
1484 1503 1522 1531 ct
1552 1496 1759 1534 amicorum

132 1556 271 1609 populi
306 1556 462 1593 Romani
504 1555 644 1609 oppida
673 1555 760 1593 fana
795 1555 1073 1608 religiosissima
1107 1557 1189 1593 sine
1238 1555 1316 1594 ullo
1352 1556 1594 1596 humanitatis
1635 1572 1758 1605 sensu,

133 1620 278 1657 nedum
301 1618 504 1667 religionis,
530 1619 689 1670 diripuit
714 1629 825 1670 atque
850 1619 1062 1670 exspoliavit
1088 1622 1163 1667 ¹⁰⁷).
1213 1619 1335 1658 Huius
1359 1620 1551 1669 improbae
1576 1621 1757 1665 avaritiae,

134 1695 210 1735 qua
233 1680 460 1733 impeditum
485 1691 550 1728 est,
576 1683 779 1733 quominus
804 1696 825 1720 a
849 1682 1102 1721 Romanorum
1123 1681 1243 1722 avaris
1265 1681 1437 1720 manibus
1459 1681 1578 1720 ullum
1597 1683 1773 1723 Graecos

132 1758 219 1782 rum
243 1743 430 1796 templum
467 1743 527 1781 vel
560 1744 708 1793 signum
744 1743 804 1781 vel
838 1756 898 1780 res
935 1756 1038 1781 sacra
1070 1753 1148 1782 tuta
1172 1753 1283 1795 atque
1306 1744 1444 1782 intaeta
1469 1754 1583 1791 esset,
1619 1746 1760 1783 iterum

132 1807 304 1846 Licinius
331 1806 486 1845 Crassus
512 1804 716 1845 admodum
747 1805 960 1844 detestanda
985 1806 1106 1845 edidit
1128 1808 1337 1847 testimonia
1361 1809 1443 1853 ¹¹⁰⁸).
1493 1808 1773 1846 Verumtamen·

135 1883 212 1907 non
235 1869 332 1908 solos
357 1871 519 1907 Verrem
543 1879 581 1906 et
607 1869 781 1906 Crassum
813 1869 883 1906 hac
915 1869 1068 1906 avaritia
1101 1879 1228 1920 captos
1262 1870 1420 1909 deorum
1451 1869 1535 1907 fana
1568 1870 1761 1922 expilasse)

136 1931 211 1978 sed,
235 1941 348 1969 totam
387 1942 537 1983 gentem
577 1932 783 1970 Romanam
815 1931 862 1968 ab
893 1932 1047 1983 antiqua
1077 1928 1269 1973 maiorum⁴
1303 1933 1490 1985 religione
1519 1932 1774 1984 degenerasse*

197 2117 262 2161 ¹⁰⁷)
287 2116 402 2152 Cicero
428 2117 460 2149 in
484 2116 623 2150 Verrem
646 2126 705 2152 act.
733 2128 795 2152 sec.
821 2128 850 2153 c.
883 2119 1048 2162 ¹7-23·

194 2178 259 2224 ¹⁰⁸)
284 2179 373 2216 Plut.
397 2179 454 2216 vit.
481 2177 597 2213 Crassi.
