<?xml version="1.0" encoding="UTF-8"?>
<!DOCTYPE html PUBLIC "-//W3C//DTD XHTML 1.0 Transitional//EN"
    "http://www.w3.org/TR/xhtml1/DTD/xhtml1-transitional.dtd">
<html xmlns="http://www.w3.org/1999/xhtml" xml:lang="en" lang="en">
 <head>
  <title>
</title>
<meta http-equiv="Content-Type" content="text/html;charset=utf-8" />
  <meta name='ocr-system' content='tesseract 3.04.00' />
  <meta name='ocr-capabilities' content='ocr_page ocr_carea ocr_par ocr_line ocrx_word'/>
</head>
<body>
  <div class='ocr_page' id='page_1' title='image "4737960_0058.png"; bbox 0 0 1981 2540; ppageno 0'>
   <div class='ocr_carea' id='block_1_1' title="bbox 148 278 1781 1946">
    <p class='ocr_par' dir='ltr' id='par_1_1' title="bbox 148 278 1781 1946">
     <span class='ocr_line' id='line_1_1' title="bbox 154 278 1774 331; baseline 0.001 -11"><span class='ocrx_word' id='word_1_1' title='bbox 154 291 258 320; x_wconf 79' lang='lat' dir='ltr'><strong>netes</strong></span> <span class='ocrx_word' id='word_1_2' title='bbox 283 281 326 319; x_wconf 84' lang='lat' dir='ltr'><strong>L.</strong></span> <span class='ocrx_word' id='word_1_3' title='bbox 351 278 537 330; x_wconf 78' lang='lat' dir='ltr'><strong>Scipionis</strong></span> <span class='ocrx_word' id='word_1_4' title='bbox 562 290 598 317; x_wconf 88' lang='lat' dir='ltr'><strong>et</strong></span> <span class='ocrx_word' id='word_1_5' title='bbox 622 281 665 319; x_wconf 80' lang='lat' dir='ltr'><strong>L.</strong></span> <span class='ocrx_word' id='word_1_6' title='bbox 683 280 811 318; x_wconf 82' lang='lat' dir='ltr'>Sullae</span> <span class='ocrx_word' id='word_1_7' title='bbox 833 281 1043 318; x_wconf 86' lang='lat' dir='ltr'><strong>constitutis</strong></span> <span class='ocrx_word' id='word_1_8' title='bbox 1060 280 1289 324; x_wconf 83' lang='lat' dir='ltr'><strong>nitebantur,</strong></span> <span class='ocrx_word' id='word_1_9' title='bbox 1316 292 1476 331; x_wconf 87' lang='lat' dir='ltr'><strong>quorum</strong></span> <span class='ocrx_word' id='word_1_10' title='bbox 1496 279 1562 317; x_wconf 89' lang='lat' dir='ltr'><strong>ille</strong></span> <span class='ocrx_word' id='word_1_11' title='bbox 1582 283 1774 329; x_wconf 74' lang='lat' dir='ltr'><strong>Antiocho,</strong></span> 
     </span>
     <span class='ocr_line' id='line_1_2' title="bbox 152 340 1776 394; baseline 0.001 -14"><span class='ocrx_word' id='word_1_12' title='bbox 152 344 217 380; x_wconf 87' lang='lat' dir='ltr'><strong>hic</strong></span> <span class='ocrx_word' id='word_1_13' title='bbox 259 342 475 379; x_wconf 75' lang='lat' dir='ltr'><strong>Mithridate</strong></span> <span class='ocrx_word' id='word_1_14' title='bbox 513 343 630 394; x_wconf 88' lang='lat' dir='ltr'><strong>pulsis</strong></span> <span class='ocrx_word' id='word_1_15' title='bbox 667 342 778 379; x_wconf 82' lang='lat' dir='ltr'><strong>fidem</strong></span> <span class='ocrx_word' id='word_1_16' title='bbox 811 356 854 379; x_wconf 83' lang='lat' dir='ltr'><strong>ac</strong></span> <span class='ocrx_word' id='word_1_17' title='bbox 884 340 1061 379; x_wconf 64' lang='lat' dir='ltr'><strong>virtutem&gt;</strong></span> <span class='ocrx_word' id='word_1_18' title='bbox 1089 355 1193 379; x_wconf 76' lang='lat' dir='ltr'><strong>suam</strong></span> <span class='ocrx_word' id='word_1_19' title='bbox 1228 342 1522 388; x_wconf 83' lang='lat' dir='ltr'><strong>decoravissent,</strong></span> <span class='ocrx_word' id='word_1_20' title='bbox 1561 353 1603 379; x_wconf 89' lang='lat' dir='ltr'><strong>ut</strong></span> <span class='ocrx_word' id='word_1_21' title='bbox 1634 343 1776 382; x_wconf 83' lang='lat' dir='ltr'><strong>Dianae</strong></span> 
     </span>
     <span class='ocr_line' id='line_1_3' title="bbox 154 403 1777 455; baseline 0.001 -14"><span class='ocrx_word' id='word_1_22' title='bbox 154 404 447 454; x_wconf 81' lang='lat' dir='ltr'><strong>Leucophrynae</strong></span> <span class='ocrx_word' id='word_1_23' title='bbox 487 405 700 455; x_wconf 77' lang='lat' dir='ltr'><strong>perfugium</strong></span> <span class='ocrx_word' id='word_1_24' title='bbox 736 403 952 439; x_wconf 81' lang='lat' dir='ltr'><strong>inviolabile</strong></span> <span class='ocrx_word' id='word_1_25' title='bbox 993 403 1098 441; x_wconf 79' lang='lat' dir='ltr'><strong>foret.</strong></span> <span class='ocrx_word' id='word_1_26' title='bbox 1164 405 1523 442; x_wconf 78' lang='lat' dir='ltr'><strong>Hierocaesarienses</strong></span> <span class='ocrx_word' id='word_1_27' title='bbox 1565 406 1777 455; x_wconf 87' lang='lat' dir='ltr'><strong>Perpernae</strong></span> 
     </span>
     <span class='ocr_line' id='line_1_4' title="bbox 155 464 1777 518; baseline 0.001 -14"><span class='ocrx_word' id='word_1_28' title='bbox 155 465 310 504; x_wconf 79' lang='lat' dir='ltr'><strong>Isaurici</strong></span> <span class='ocrx_word' id='word_1_29' title='bbox 337 466 526 518; x_wconf 88' lang='lat' dir='ltr'><strong>multaque</strong></span> <span class='ocrx_word' id='word_1_30' title='bbox 551 465 622 502; x_wconf 85' lang='lat' dir='ltr'><strong>alia</strong></span> <span class='ocrx_word' id='word_1_31' title='bbox 646 466 914 515; x_wconf 88' lang='lat' dir='ltr'><strong>imperatorum</strong></span> <span class='ocrx_word' id='word_1_32' title='bbox 938 464 1089 501; x_wconf 84' lang='lat' dir='ltr'><strong>nomina</strong></span> <span class='ocrx_word' id='word_1_33' title='bbox 1115 477 1425 512; x_wconf 76' lang='lat' dir='ltr'><strong>memoraverunt,</strong></span> <span class='ocrx_word' id='word_1_34' title='bbox 1458 468 1525 518; x_wconf 88' lang='lat' dir='ltr'><strong>qui</strong></span> <span class='ocrx_word' id='word_1_35' title='bbox 1560 480 1638 505; x_wconf 89' lang='lat' dir='ltr'><strong>non</strong></span> <span class='ocrx_word' id='word_1_36' title='bbox 1663 467 1777 507; x_wconf 88' lang='lat' dir='ltr'><strong>modo</strong></span> 
     </span>
     <span class='ocr_line' id='line_1_5' title="bbox 153 526 1779 580; baseline 0.002 -15"><span class='ocrx_word' id='word_1_37' title='bbox 153 527 310 580; x_wconf 83' lang='lat' dir='ltr'><strong>templo,</strong></span> <span class='ocrx_word' id='word_1_38' title='bbox 334 528 399 566; x_wconf 86' lang='lat' dir='ltr'><strong>sed</strong></span> <span class='ocrx_word' id='word_1_39' title='bbox 425 528 570 566; x_wconf 81' lang='lat' dir='ltr'><strong>duobus</strong></span> <span class='ocrx_word' id='word_1_40' title='bbox 595 527 761 565; x_wconf 87' lang='lat' dir='ltr'><strong>millibus</strong></span> <span class='ocrx_word' id='word_1_41' title='bbox 785 540 960 579; x_wconf 81' lang='lat' dir='ltr'><strong>passuum</strong></span> <span class='ocrx_word' id='word_1_42' title='bbox 984 526 1142 564; x_wconf 87' lang='lat' dir='ltr'><strong>eandem</strong></span> <span class='ocrx_word' id='word_1_43' title='bbox 1165 528 1392 565; x_wconf 78' lang='lat' dir='ltr'><strong>sanctitatem</strong></span> <span class='ocrx_word' id='word_1_44' title='bbox 1416 531 1642 569; x_wconf 82' lang='lat' dir='ltr'><strong>tribuissent.</strong></span> <span class='ocrx_word' id='word_1_45' title='bbox 1680 531 1779 568; x_wconf 79' lang='lat' dir='ltr'><strong>Dia-</strong></span> 
     </span>
     <span class='ocr_line' id='line_1_6' title="bbox 151 583 1777 643; baseline 0.001 -14"><span class='ocrx_word' id='word_1_46' title='bbox 151 604 233 637; x_wconf 77' lang='lat' dir='ltr'><strong>nae,</strong></span> <span class='ocrx_word' id='word_1_47' title='bbox 251 604 347 643; x_wconf 83' lang='lat' dir='ltr'><strong>quae</strong></span> <span class='ocrx_word' id='word_1_48' title='bbox 363 583 554 629; x_wconf 73' lang='lat' dir='ltr'><strong>colebatur</strong></span> <span class='ocrx_word' id='word_1_49' title='bbox 566 591 716 642; x_wconf 87' lang='lat' dir='ltr'><strong>Ephesi,</strong></span> <span class='ocrx_word' id='word_1_50' title='bbox 727 590 898 628; x_wconf 78' lang='lat' dir='ltr'><strong>oninium</strong></span> <span class='ocrx_word' id='word_1_51' title='bbox 911 590 1020 626; x_wconf 86' lang='lat' dir='ltr'><strong>Asiae</strong></span> <span class='ocrx_word' id='word_1_52' title='bbox 1031 588 1143 640; x_wconf 84' lang='lat' dir='ltr'><strong>longe</strong></span> <span class='ocrx_word' id='word_1_53' title='bbox 1157 590 1427 627; x_wconf 82' lang='lat' dir='ltr'><strong>sanctissimum</strong></span> <span class='ocrx_word' id='word_1_54' title='bbox 1443 592 1583 642; x_wconf 85' lang='lat' dir='ltr'><strong>asylum</strong></span> <span class='ocrx_word' id='word_1_55' title='bbox 1599 593 1646 630; x_wconf 88' lang='lat' dir='ltr'><strong>ab</strong></span> <span class='ocrx_word' id='word_1_56' title='bbox 1660 593 1777 631; x_wconf 82' lang='lat' dir='ltr'><strong>Alex-</strong></span> 
     </span>
     <span class='ocr_line' id='line_1_7' title="bbox 150 652 1775 705; baseline 0.002 -15"><span class='ocrx_word' id='word_1_57' title='bbox 150 654 268 690; x_wconf 85' lang='lat' dir='ltr'><strong>andro</strong></span> <span class='ocrx_word' id='word_1_58' title='bbox 302 666 454 705; x_wconf 84' lang='lat' dir='ltr'><strong>magno,</strong></span> <span class='ocrx_word' id='word_1_59' title='bbox 479 655 584 691; x_wconf 83' lang='lat' dir='ltr'><strong>cuius</strong></span> <span class='ocrx_word' id='word_1_60' title='bbox 613 655 667 690; x_wconf 90' lang='lat' dir='ltr'><strong>rci</strong></span> <span class='ocrx_word' id='word_1_61' title='bbox 693 655 766 690; x_wconf 88' lang='lat' dir='ltr'><strong>iam</strong></span> <span class='ocrx_word' id='word_1_62' title='bbox 791 653 929 689; x_wconf 91' lang='lat' dir='ltr'><strong>mentio</strong></span> <span class='ocrx_word' id='word_1_63' title='bbox 954 662 1010 689; x_wconf 89' lang='lat' dir='ltr'><strong>est</strong></span> <span class='ocrx_word' id='word_1_64' title='bbox 1041 652 1154 699; x_wconf 84' lang='lat' dir='ltr'><strong>sacta,</strong></span> <span class='ocrx_word' id='word_1_65' title='bbox 1178 666 1297 702; x_wconf 86' lang='lat' dir='ltr'><strong>usque</strong></span> <span class='ocrx_word' id='word_1_66' title='bbox 1321 652 1368 689; x_wconf 89' lang='lat' dir='ltr'><strong>ad</strong></span> <span class='ocrx_word' id='word_1_67' title='bbox 1386 652 1566 698; x_wconf 86' lang='lat' dir='ltr'><strong>stadium,</strong></span> <span class='ocrx_word' id='word_1_68' title='bbox 1591 655 1729 693; x_wconf 86' lang='lat' dir='ltr'><strong>deinde</strong></span> <span class='ocrx_word' id='word_1_69' title='bbox 1753 670 1775 693; x_wconf 83' lang='lat' dir='ltr'><strong>a</strong></span> 
     </span>
     <span class='ocr_line' id='line_1_8' title="bbox 149 715 1774 767; baseline 0.002 -16"><span class='ocrx_word' id='word_1_70' title='bbox 149 715 368 752; x_wconf 82' lang='lat' dir='ltr'><strong>Mithridate</strong></span> <span class='ocrx_word' id='word_1_71' title='bbox 393 725 535 752; x_wconf 88' lang='lat' dir='ltr'><strong>tantum</strong></span> <span class='ocrx_word' id='word_1_72' title='bbox 561 716 659 752; x_wconf 83' lang='lat' dir='ltr'><strong>ultra</strong></span> <span class='ocrx_word' id='word_1_73' title='bbox 683 715 863 758; x_wconf 86' lang='lat' dir='ltr'><strong>stadium,</strong></span> <span class='ocrx_word' id='word_1_74' title='bbox 898 724 1080 764; x_wconf 86' lang='lat' dir='ltr'><strong>quantum</strong></span> <span class='ocrx_word' id='word_1_75' title='bbox 1106 716 1216 765; x_wconf 89' lang='lat' dir='ltr'><strong>spatii</strong></span> <span class='ocrx_word' id='word_1_76' title='bbox 1243 715 1373 764; x_wconf 87' lang='lat' dir='ltr'><strong>sagitta</strong></span> <span class='ocrx_word' id='word_1_77' title='bbox 1399 716 1529 751; x_wconf 84' lang='lat' dir='ltr'><strong>emissa</strong></span> <span class='ocrx_word' id='word_1_78' title='bbox 1557 717 1774 767; x_wconf 80' lang='lat' dir='ltr'><strong>pervolaret,</strong></span> 
     </span>
     <span class='ocr_line' id='line_1_9' title="bbox 149 776 1776 829; baseline 0.002 -16"><span class='ocrx_word' id='word_1_79' title='bbox 149 776 311 828; x_wconf 83' lang='lat' dir='ltr'><strong>denique</strong></span> <span class='ocrx_word' id='word_1_80' title='bbox 335 778 382 814; x_wconf 83' lang='lat' dir='ltr'><strong>ab</strong></span> <span class='ocrx_word' id='word_1_81' title='bbox 405 778 571 815; x_wconf 83' lang='lat' dir='ltr'><strong>Antonio</strong></span> <span class='ocrx_word' id='word_1_82' title='bbox 598 786 764 822; x_wconf 87' lang='lat' dir='ltr'><strong>tantum,</strong></span> <span class='ocrx_word' id='word_1_83' title='bbox 789 786 830 813; x_wconf 89' lang='lat' dir='ltr'><strong>ut</strong></span> <span class='ocrx_word' id='word_1_84' title='bbox 844 776 954 813; x_wconf 87' lang='lat' dir='ltr'><strong>etiam</strong></span> <span class='ocrx_word' id='word_1_85' title='bbox 969 777 1070 814; x_wconf 86' lang='lat' dir='ltr'><strong>urbis</strong></span> <span class='ocrx_word' id='word_1_86' title='bbox 1086 787 1230 829; x_wconf 87' lang='lat' dir='ltr'><strong>partem</strong></span> <span class='ocrx_word' id='word_1_87' title='bbox 1253 777 1559 828; x_wconf 85' lang='lat' dir='ltr'><strong>amplecteretur,</strong></span> <span class='ocrx_word' id='word_1_88' title='bbox 1585 777 1776 816; x_wconf 87' lang='lat' dir='ltr'><strong>dilatatum</strong></span> 
     </span>
     <span class='ocr_line' id='line_1_10' title="bbox 149 839 1776 891; baseline 0.001 -15"><span class='ocrx_word' id='word_1_89' title='bbox 149 840 274 890; x_wconf 85' lang='lat' dir='ltr'><strong>itaque</strong></span> <span class='ocrx_word' id='word_1_90' title='bbox 308 839 571 890; x_wconf 87' lang='lat' dir='ltr'><strong>amplificando</strong></span> <span class='ocrx_word' id='word_1_91' title='bbox 610 839 847 876; x_wconf 88' lang='lat' dir='ltr'><strong>constitutum</strong></span> <span class='ocrx_word' id='word_1_92' title='bbox 878 849 943 877; x_wconf 79' lang='lat' dir='ltr'><strong>est.</strong></span> <span class='ocrx_word' id='word_1_93' title='bbox 994 839 1115 885; x_wconf 88' lang='lat' dir='ltr'><strong>(Hanc</strong></span> <span class='ocrx_word' id='word_1_94' title='bbox 1149 849 1273 876; x_wconf 87' lang='lat' dir='ltr'><strong>tamen</strong></span> <span class='ocrx_word' id='word_1_95' title='bbox 1308 850 1475 890; x_wconf 88' lang='lat' dir='ltr'><strong>partem,</strong></span> <span class='ocrx_word' id='word_1_96' title='bbox 1527 854 1646 891; x_wconf 86' lang='lat' dir='ltr'><strong>quum</strong></span> <span class='ocrx_word' id='word_1_97' title='bbox 1685 842 1776 878; x_wconf 84' lang='lat' dir='ltr'><strong>urbs</strong></span> 
     </span>
     <span class='ocr_line' id='line_1_11' title="bbox 149 899 1778 952; baseline 0.002 -15"><span class='ocrx_word' id='word_1_98' title='bbox 149 901 398 951; x_wconf 87' lang='lat' dir='ltr'><strong>Ephesiorum</strong></span> <span class='ocrx_word' id='word_1_99' title='bbox 423 899 610 937; x_wconf 85' lang='lat' dir='ltr'><strong>sceleratis</strong></span> <span class='ocrx_word' id='word_1_100' title='bbox 633 900 844 937; x_wconf 87' lang='lat' dir='ltr'><strong>hominibus</strong></span> <span class='ocrx_word' id='word_1_101' title='bbox 870 900 1028 937; x_wconf 86' lang='lat' dir='ltr'><strong>nimium</strong></span> <span class='ocrx_word' id='word_1_102' title='bbox 1053 899 1288 952; x_wconf 86' lang='lat' dir='ltr'><strong>impleretur,</strong></span> <span class='ocrx_word' id='word_1_103' title='bbox 1322 903 1509 952; x_wconf 85' lang='lat' dir='ltr'><strong>Augustus</strong></span> <span class='ocrx_word' id='word_1_104' title='bbox 1534 916 1664 941; x_wconf 84' lang='lat' dir='ltr'><strong>rursus</strong></span> <span class='ocrx_word' id='word_1_105' title='bbox 1689 902 1778 941; x_wconf 82' lang='lat' dir='ltr'><strong>ade-</strong></span> 
     </span>
     <span class='ocr_line' id='line_1_12' title="bbox 148 962 1776 1014; baseline 0.003 -15"><span class='ocrx_word' id='word_1_106' title='bbox 148 965 237 1007; x_wconf 88' lang='lat' dir='ltr'><strong>mit,</strong></span> <span class='ocrx_word' id='word_1_107' title='bbox 264 976 340 1000; x_wconf 91' lang='lat' dir='ltr'><strong>non</strong></span> <span class='ocrx_word' id='word_1_108' title='bbox 366 976 452 1000; x_wconf 88' lang='lat' dir='ltr'><strong>vero</strong></span> <span class='ocrx_word' id='word_1_109' title='bbox 479 973 597 1000; x_wconf 90' lang='lat' dir='ltr'><strong>totum</strong></span> <span class='ocrx_word' id='word_1_110' title='bbox 623 962 760 999; x_wconf 84' lang='lat' dir='ltr'><strong>ademit</strong></span> <span class='ocrx_word' id='word_1_111' title='bbox 792 962 953 1013; x_wconf 86' lang='lat' dir='ltr'><strong>asylum,</strong></span> <span class='ocrx_word' id='word_1_112' title='bbox 991 964 1094 1013; x_wconf 87' lang='lat' dir='ltr'><strong>quod</strong></span> <span class='ocrx_word' id='word_1_113' title='bbox 1127 966 1271 1000; x_wconf 88' lang='lat' dir='ltr'><strong>censuit</strong></span> <span class='ocrx_word' id='word_1_114' title='bbox 1306 965 1536 1003; x_wconf 71' lang='lat' dir='ltr'><strong>Cal-holmus,</strong></span> <span class='ocrx_word' id='word_1_115' title='bbox 1563 968 1628 1014; x_wconf 80' lang='lat'>¹¹⁸)</span> <span class='ocrx_word' id='word_1_116' title='bbox 1678 967 1776 1004; x_wconf 87' lang='lat' dir='ltr'><strong>Nam</strong></span> 
     </span>
     <span class='ocr_line' id='line_1_13' title="bbox 153 1021 1776 1078; baseline 0.002 -17"><span class='ocrx_word' id='word_1_117' title='bbox 153 1025 254 1075; x_wconf 88' lang='lat' dir='ltr'><strong>apud</strong></span> <span class='ocrx_word' id='word_1_118' title='bbox 279 1025 499 1063; x_wconf 87' lang='lat' dir='ltr'><strong>Strabonem</strong></span> <span class='ocrx_word' id='word_1_119' title='bbox 531 1021 793 1076; x_wconf 27' lang='lat' dir='ltr'><strong>wito-legitur</strong></span> <span class='ocrx_word' id='word_1_120' title='bbox 825 1034 862 1061; x_wconf 87' lang='lat' dir='ltr'><strong>et</strong></span> <span class='ocrx_word' id='word_1_121' title='bbox 884 1025 1038 1061; x_wconf 83' lang='lat' dir='ltr'><strong>Tiberio</strong></span> <span class='ocrx_word' id='word_1_122' title='bbox 1063 1034 1239 1074; x_wconf 83' lang='lat' dir='ltr'><strong>regnante</strong></span> <span class='ocrx_word' id='word_1_123' title='bbox 1266 1025 1418 1075; x_wconf 86' lang='lat' dir='ltr'><strong>Ephesii</strong></span> <span class='ocrx_word' id='word_1_124' title='bbox 1449 1039 1556 1062; x_wconf 90' lang='lat' dir='ltr'><strong>suum</strong></span> <span class='ocrx_word' id='word_1_125' title='bbox 1593 1027 1686 1078; x_wconf 78' lang='lat' dir='ltr'><strong>asyli</strong></span> <span class='ocrx_word' id='word_1_126' title='bbox 1718 1029 1776 1065; x_wconf 87' lang='lat' dir='ltr'><strong>ius</strong></span> 
     </span>
     <span class='ocr_line' id='line_1_14' title="bbox 151 1086 1781 1140; baseline 0.001 -16"><span class='ocrx_word' id='word_1_127' title='bbox 151 1087 409 1126; x_wconf 64' lang='lat' dir='ltr'><strong>‘demonstrare</strong></span> <span class='ocrx_word' id='word_1_128' title='bbox 468 1101 547 1126; x_wconf 87' lang='lat' dir='ltr'><strong>non</strong></span> <span class='ocrx_word' id='word_1_129' title='bbox 606 1097 827 1132; x_wconf 86' lang='lat' dir='ltr'><strong>tentassent,</strong></span> <span class='ocrx_word' id='word_1_130' title='bbox 888 1088 961 1123; x_wconf 89' lang='lat' dir='ltr'><strong>nisi</strong></span> <span class='ocrx_word' id='word_1_131' title='bbox 1017 1087 1074 1123; x_wconf 89' lang='lat' dir='ltr'><strong>ius</strong></span> <span class='ocrx_word' id='word_1_132' title='bbox 1123 1086 1215 1137; x_wconf 83' lang='lat' dir='ltr'><strong>asyli</strong></span> <span class='ocrx_word' id='word_1_133' title='bbox 1270 1088 1529 1135; x_wconf 80' lang='lat' dir='ltr'><strong>retinuissent3</strong></span> <span class='ocrx_word' id='word_1_134' title='bbox 1586 1089 1628 1125; x_wconf 84' lang='lat' dir='ltr'><strong>id</strong></span> <span class='ocrx_word' id='word_1_135' title='bbox 1677 1090 1781 1140; x_wconf 86' lang='lat' dir='ltr'><strong>quod</strong></span> 
     </span>
     <span class='ocr_line' id='line_1_15' title="bbox 152 1149 1778 1202; baseline 0.001 -16"><span class='ocrx_word' id='word_1_136' title='bbox 152 1151 296 1187; x_wconf 88' lang='lat' dir='ltr'><strong>nummi</strong></span> <span class='ocrx_word' id='word_1_137' title='bbox 329 1164 481 1202; x_wconf 85' lang='lat' dir='ltr'><strong>quoque</strong></span> <span class='ocrx_word' id='word_1_138' title='bbox 512 1150 611 1202; x_wconf 86' lang='lat' dir='ltr'><strong>apud</strong></span> <span class='ocrx_word' id='word_1_139' title='bbox 644 1150 912 1200; x_wconf 80' lang='lat' dir='ltr'><strong>spanhemium</strong></span> <span class='ocrx_word' id='word_1_140' title='bbox 937 1151 999 1197; x_wconf 78' lang='lat'><strong>¹¹⁴)</strong></span> <span class='ocrx_word' id='word_1_141' title='bbox 1036 1149 1201 1192; x_wconf 84' lang='lat' dir='ltr'><strong>docent.)</strong></span> <span class='ocrx_word' id='word_1_142' title='bbox 1252 1149 1361 1194; x_wconf 89' lang='lat' dir='ltr'><strong>Quod</strong></span> <span class='ocrx_word' id='word_1_143' title='bbox 1395 1159 1516 1185; x_wconf 88' lang='lat' dir='ltr'><strong>tamen</strong></span> <span class='ocrx_word' id='word_1_144' title='bbox 1549 1151 1704 1200; x_wconf 88' lang='lat' dir='ltr'><strong>Ephesii</strong></span> <span class='ocrx_word' id='word_1_145' title='bbox 1736 1152 1778 1188; x_wconf 83' lang='lat' dir='ltr'><strong>in</strong></span> 
     </span>
     <span class='ocr_line' id='line_1_16' title="bbox 153 1211 1778 1264; baseline 0.001 -14"><span class='ocrx_word' id='word_1_146' title='bbox 153 1212 218 1249; x_wconf 80' lang='lat' dir='ltr'><strong>illa</strong></span> <span class='ocrx_word' id='word_1_147' title='bbox 243 1226 351 1250; x_wconf 89' lang='lat' dir='ltr'><strong>causa</strong></span> <span class='ocrx_word' id='word_1_148' title='bbox 376 1213 476 1264; x_wconf 88' lang='lat' dir='ltr'><strong>apud</strong></span> <span class='ocrx_word' id='word_1_149' title='bbox 500 1222 668 1250; x_wconf 88' lang='lat' dir='ltr'><strong>senatum</strong></span> <span class='ocrx_word' id='word_1_150' title='bbox 692 1225 762 1248; x_wconf 86' lang='lat' dir='ltr'><strong>nec</strong></span> <span class='ocrx_word' id='word_1_151' title='bbox 789 1211 941 1249; x_wconf 88' lang='lat' dir='ltr'><strong>illorum</strong></span> <span class='ocrx_word' id='word_1_152' title='bbox 975 1224 1105 1261; x_wconf 86' lang='lat' dir='ltr'><strong>regum</strong></span> <span class='ocrx_word' id='word_1_153' title='bbox 1147 1224 1217 1247; x_wconf 90' lang='lat' dir='ltr'><strong>nec</strong></span> <span class='ocrx_word' id='word_1_154' title='bbox 1242 1211 1399 1247; x_wconf 82' lang='lat' dir='ltr'><strong>Antonii</strong></span> <span class='ocrx_word' id='word_1_155' title='bbox 1427 1213 1654 1249; x_wconf 87' lang='lat' dir='ltr'><strong>mentionem</strong></span> <span class='ocrx_word' id='word_1_156' title='bbox 1679 1213 1778 1251; x_wconf 79' lang='lat' dir='ltr'><strong>sece-</strong></span> 
     </span>
     <span class='ocr_line' id='line_1_17' title="bbox 153 1273 1776 1326; baseline 0 -16"><span class='ocrx_word' id='word_1_157' title='bbox 153 1284 260 1319; x_wconf 91' lang='lat' dir='ltr'><strong>runt,</strong></span> <span class='ocrx_word' id='word_1_158' title='bbox 285 1275 351 1311; x_wconf 90' lang='lat' dir='ltr'><strong>sed</strong></span> <span class='ocrx_word' id='word_1_159' title='bbox 374 1276 527 1326; x_wconf 84' lang='lat' dir='ltr'><strong>antiqua</strong></span> <span class='ocrx_word' id='word_1_160' title='bbox 552 1274 682 1324; x_wconf 86' lang='lat' dir='ltr'><strong>templi</strong></span> <span class='ocrx_word' id='word_1_161' title='bbox 706 1274 899 1310; x_wconf 81' lang='lat' dir='ltr'><strong>sanctitate</strong></span> <span class='ocrx_word' id='word_1_162' title='bbox 924 1273 1169 1309; x_wconf 86' lang='lat' dir='ltr'><strong>demonstrata</strong></span> <span class='ocrx_word' id='word_1_163' title='bbox 1195 1273 1265 1309; x_wconf 90' lang='lat' dir='ltr'><strong>hoc</strong></span> <span class='ocrx_word' id='word_1_164' title='bbox 1291 1283 1453 1312; x_wconf 82' lang='lat' dir='ltr'><strong>tantum:</strong></span> <span class='ocrx_word' id='word_1_165' title='bbox 1502 1275 1616 1318; x_wconf 90' lang='lat' dir='ltr'><strong>„Post</strong></span> <span class='ocrx_word' id='word_1_166' title='bbox 1651 1276 1776 1313; x_wconf 83' lang='lat' dir='ltr'><strong>Mace-</strong></span> 
     </span>
     <span class='ocr_line' id='line_1_18' title="bbox 154 1334 1776 1384; baseline 0.002 -12"><span class='ocrx_word' id='word_1_167' title='bbox 154 1336 290 1381; x_wconf 83' lang='lat' dir='ltr'><strong>dones,</strong></span> <span class='ocrx_word' id='word_1_168' title='bbox 323 1336 461 1372; x_wconf 88' lang='lat' dir='ltr'><strong>deinde</strong></span> <span class='ocrx_word' id='word_1_169' title='bbox 487 1336 669 1373; x_wconf 85' lang='lat' dir='ltr'><strong>Romanos</strong></span> <span class='ocrx_word' id='word_1_170' title='bbox 704 1335 823 1380; x_wconf 88' lang='lat' dir='ltr'><strong>(hanc</strong></span> <span class='ocrx_word' id='word_1_171' title='bbox 850 1334 979 1384; x_wconf 88' lang='lat' dir='ltr'><strong>templi</strong></span> <span class='ocrx_word' id='word_1_172' title='bbox 1004 1335 1259 1382; x_wconf 81' lang='lat' dir='ltr'><strong>sanctitatem)</strong></span> <span class='ocrx_word' id='word_1_173' title='bbox 1290 1336 1519 1371; x_wconf 87' lang='lat' dir='ltr'><strong>servavisse“</strong></span> <span class='ocrx_word' id='word_1_174' title='bbox 1551 1335 1776 1383; x_wconf 88' lang='lat' dir='ltr'><strong>adiecerunt,</strong></span> 
     </span>
     <span class='ocr_line' id='line_1_19' title="bbox 153 1396 1779 1450; baseline 0.001 -15"><span class='ocrx_word' id='word_1_175' title='bbox 153 1411 233 1436; x_wconf 89' lang='lat' dir='ltr'><strong>non</strong></span> <span class='ocrx_word' id='word_1_176' title='bbox 259 1408 333 1443; x_wconf 88' lang='lat' dir='ltr'><strong>est,</strong></span> <span class='ocrx_word' id='word_1_177' title='bbox 358 1398 462 1450; x_wconf 84' lang='lat' dir='ltr'><strong>quod</strong></span> <span class='ocrx_word' id='word_1_178' title='bbox 487 1399 678 1434; x_wconf 85' lang='lat' dir='ltr'><strong>miremur.</strong></span> <span class='ocrx_word' id='word_1_179' title='bbox 735 1397 829 1433; x_wconf 87' lang='lat' dir='ltr'><strong>Nam</strong></span> <span class='ocrx_word' id='word_1_180' title='bbox 860 1396 1086 1433; x_wconf 86' lang='lat' dir='ltr'><strong>Mithridatis</strong></span> <span class='ocrx_word' id='word_1_181' title='bbox 1120 1406 1156 1432; x_wconf 86' lang='lat' dir='ltr'><strong>et</strong></span> <span class='ocrx_word' id='word_1_182' title='bbox 1184 1397 1356 1440; x_wconf 87' lang='lat' dir='ltr'><strong>Antonii,</strong></span> <span class='ocrx_word' id='word_1_183' title='bbox 1391 1410 1552 1448; x_wconf 85' lang='lat' dir='ltr'><strong>quorum</strong></span> <span class='ocrx_word' id='word_1_184' title='bbox 1585 1399 1779 1450; x_wconf 83' lang='lat' dir='ltr'><strong>utriusque</strong></span> 
     </span>
     <span class='ocr_line' id='line_1_20' title="bbox 154 1458 1780 1503; baseline 0.001 -5"><span class='ocrx_word' id='word_1_185' title='bbox 154 1461 265 1498; x_wconf 86' lang='lat' dir='ltr'><strong>etiam</strong></span> <span class='ocrx_word' id='word_1_186' title='bbox 288 1462 425 1498; x_wconf 86' lang='lat' dir='ltr'><strong>nomen</strong></span> <span class='ocrx_word' id='word_1_187' title='bbox 451 1459 605 1496; x_wconf 85' lang='lat' dir='ltr'><strong>ardebat</strong></span> <span class='ocrx_word' id='word_1_188' title='bbox 628 1458 789 1503; x_wconf 88' lang='lat' dir='ltr'><strong>invidia,</strong></span> <span class='ocrx_word' id='word_1_189' title='bbox 826 1458 1006 1495; x_wconf 83' lang='lat' dir='ltr'><strong>beneficia</strong></span> <span class='ocrx_word' id='word_1_190' title='bbox 1031 1458 1158 1495; x_wconf 84' lang='lat' dir='ltr'><strong>afferre</strong></span> <span class='ocrx_word' id='word_1_191' title='bbox 1191 1459 1248 1495; x_wconf 89' lang='lat' dir='ltr'><strong>his</strong></span> <span class='ocrx_word' id='word_1_192' title='bbox 1275 1471 1344 1495; x_wconf 90' lang='lat' dir='ltr'><strong>nec</strong></span> <span class='ocrx_word' id='word_1_193' title='bbox 1376 1458 1509 1496; x_wconf 88' lang='lat' dir='ltr'><strong>honori</strong></span> <span class='ocrx_word' id='word_1_194' title='bbox 1534 1473 1605 1497; x_wconf 87' lang='lat' dir='ltr'><strong>nec</strong></span> <span class='ocrx_word' id='word_1_195' title='bbox 1629 1460 1780 1499; x_wconf 84' lang='lat' dir='ltr'><strong>utilitati</strong></span> 
     </span>
     <span class='ocr_line' id='line_1_21' title="bbox 155 1520 1780 1571; baseline 0.001 -12"><span class='ocrx_word' id='word_1_196' title='bbox 155 1534 233 1559; x_wconf 82' lang='lat' dir='ltr'><strong>esse</strong></span> <span class='ocrx_word' id='word_1_197' title='bbox 256 1531 411 1571; x_wconf 85' lang='lat' dir='ltr'><strong>poterat.</strong></span> <span class='ocrx_word' id='word_1_198' title='bbox 460 1520 601 1557; x_wconf 88' lang='lat' dir='ltr'><strong>Eadem</strong></span> <span class='ocrx_word' id='word_1_199' title='bbox 627 1521 674 1557; x_wconf 89' lang='lat' dir='ltr'><strong>de</strong></span> <span class='ocrx_word' id='word_1_200' title='bbox 699 1533 825 1566; x_wconf 89' lang='lat' dir='ltr'><strong>causa,</strong></span> <span class='ocrx_word' id='word_1_201' title='bbox 850 1521 922 1557; x_wconf 87' lang='lat' dir='ltr'><strong>nisi</strong></span> <span class='ocrx_word' id='word_1_202' title='bbox 948 1520 1074 1566; x_wconf 80' lang='lat' dir='ltr'><strong>fallor,</strong></span> <span class='ocrx_word' id='word_1_203' title='bbox 1100 1520 1313 1571; x_wconf 81' lang='lat' dir='ltr'><strong>Smyrnaei,</strong></span> <span class='ocrx_word' id='word_1_204' title='bbox 1340 1534 1416 1557; x_wconf 88' lang='lat' dir='ltr'><strong>non</strong></span> <span class='ocrx_word' id='word_1_205' title='bbox 1434 1520 1583 1559; x_wconf 86' lang='lat' dir='ltr'><strong>Seleuci</strong></span> <span class='ocrx_word' id='word_1_206' title='bbox 1609 1521 1780 1561; x_wconf 89' lang='lat' dir='ltr'><strong>Callinici</strong></span> 
     </span>
     <span class='ocr_line' id='line_1_22' title="bbox 155 1581 1778 1634; baseline 0.001 -14"><span class='ocrx_word' id='word_1_207' title='bbox 155 1583 366 1628; x_wconf 88' lang='lat' dir='ltr'><strong>decretum,</strong></span> <span class='ocrx_word' id='word_1_208' title='bbox 397 1581 462 1619; x_wconf 89' lang='lat' dir='ltr'><strong>sed</strong></span> <span class='ocrx_word' id='word_1_209' title='bbox 487 1583 611 1633; x_wconf 84' lang='lat' dir='ltr'><strong>potius</strong></span> <span class='ocrx_word' id='word_1_210' title='bbox 636 1583 827 1618; x_wconf 86' lang='lat' dir='ltr'><strong>oraculum</strong></span> <span class='ocrx_word' id='word_1_211' title='bbox 853 1582 1060 1633; x_wconf 87' lang='lat' dir='ltr'><strong>Apollinis,</strong></span> <span class='ocrx_word' id='word_1_212' title='bbox 1088 1584 1191 1619; x_wconf 91' lang='lat' dir='ltr'><strong>cuius</strong></span> <span class='ocrx_word' id='word_1_213' title='bbox 1217 1584 1375 1634; x_wconf 82' lang='lat' dir='ltr'><strong>imperio</strong></span> <span class='ocrx_word' id='word_1_214' title='bbox 1409 1583 1615 1622; x_wconf 86' lang='lat' dir='ltr'><strong>Stratonidi</strong></span> <span class='ocrx_word' id='word_1_215' title='bbox 1640 1585 1778 1622; x_wconf 89' lang='lat' dir='ltr'><strong>Veneri</strong></span> 
     </span>
     <span class='ocr_line' id='line_1_23' title="bbox 154 1643 1777 1697; baseline 0.001 -14"><span class='ocrx_word' id='word_1_216' title='bbox 154 1644 336 1697; x_wconf 87' lang='lat' dir='ltr'><strong>templum</strong></span> <span class='ocrx_word' id='word_1_217' title='bbox 361 1644 561 1688; x_wconf 88' lang='lat' dir='ltr'><strong>dicassent,</strong></span> <span class='ocrx_word' id='word_1_218' title='bbox 584 1643 801 1691; x_wconf 83' lang='lat' dir='ltr'><strong>retulerunt.</strong></span> <span class='ocrx_word' id='word_1_219' title='bbox 822 1646 882 1690; x_wconf 82' lang='lat'>¹¹⁵)</span> <span class='ocrx_word' id='word_1_220' title='bbox 912 1644 1221 1694; x_wconf 86' lang='lat' dir='ltr'><strong>Aphrodisienses</strong></span> <span class='ocrx_word' id='word_1_221' title='bbox 1246 1645 1399 1695; x_wconf 90' lang='lat' dir='ltr'><strong>posthac</strong></span> <span class='ocrx_word' id='word_1_222' title='bbox 1425 1655 1462 1682; x_wconf 92' lang='lat' dir='ltr'><strong>et</strong></span> <span class='ocrx_word' id='word_1_223' title='bbox 1485 1645 1777 1684; x_wconf 84' lang='lat' dir='ltr'><strong>Stratonicenses</strong></span> 
     </span>
     <span class='ocr_line' id='line_1_24' title="bbox 156 1706 1777 1758; baseline -0.001 -12"><span class='ocrx_word' id='word_1_224' title='bbox 156 1708 347 1746; x_wconf 80' lang='lat' dir='ltr'><strong>dictatoris</strong></span> <span class='ocrx_word' id='word_1_225' title='bbox 374 1707 541 1745; x_wconf 88' lang='lat' dir='ltr'><strong>Caesaris</strong></span> <span class='ocrx_word' id='word_1_226' title='bbox 567 1706 615 1744; x_wconf 88' lang='lat' dir='ltr'><strong>ob</strong></span> <span class='ocrx_word' id='word_1_227' title='bbox 639 1716 777 1758; x_wconf 84' lang='lat' dir='ltr'><strong>vetusta</strong></span> <span class='ocrx_word' id='word_1_228' title='bbox 801 1708 841 1744; x_wconf 92' lang='lat' dir='ltr'><strong>in</strong></span> <span class='ocrx_word' id='word_1_229' title='bbox 867 1717 989 1758; x_wconf 87' lang='lat' dir='ltr'><strong>partes</strong></span> <span class='ocrx_word' id='word_1_230' title='bbox 1015 1707 1144 1744; x_wconf 87' lang='lat' dir='ltr'><strong>merita</strong></span> <span class='ocrx_word' id='word_1_231' title='bbox 1170 1716 1206 1744; x_wconf 90' lang='lat' dir='ltr'><strong>et</strong></span> <span class='ocrx_word' id='word_1_232' title='bbox 1230 1719 1360 1744; x_wconf 88' lang='lat' dir='ltr'><strong>recens</strong></span> <span class='ocrx_word' id='word_1_233' title='bbox 1379 1707 1454 1745; x_wconf 86' lang='lat' dir='ltr'><strong>divi</strong></span> <span class='ocrx_word' id='word_1_234' title='bbox 1469 1709 1624 1758; x_wconf 85' lang='lat' dir='ltr'><strong>Augusti</strong></span> <span class='ocrx_word' id='word_1_235' title='bbox 1649 1709 1777 1745; x_wconf 84' lang='lat' dir='ltr'><strong>decre·</strong></span> 
     </span>
     <span class='ocr_line' id='line_1_25' title="bbox 157 1769 1778 1822; baseline -0.001 -13"><span class='ocrx_word' id='word_1_236' title='bbox 157 1780 239 1810; x_wconf 82' lang='lat' dir='ltr'><strong>tum</strong></span> <span class='ocrx_word' id='word_1_237' title='bbox 263 1769 486 1815; x_wconf 83' lang='lat' dir='ltr'><strong>attulerunt,</strong></span> <span class='ocrx_word' id='word_1_238' title='bbox 512 1769 614 1822; x_wconf 85' lang='lat' dir='ltr'><strong>quod</strong></span> <span class='ocrx_word' id='word_1_239' title='bbox 639 1769 859 1817; x_wconf 47' lang='lat' dir='ltr'><strong>Parthorum</strong></span> <span class='ocrx_word' id='word_1_240' title='bbox 883 1770 1132 1820; x_wconf 87' lang='lat' dir='ltr'><strong>irruptionem</strong></span> <span class='ocrx_word' id='word_1_241' title='bbox 1156 1769 1253 1805; x_wconf 85' lang='lat' dir='ltr'><strong>nihil</strong></span> <span class='ocrx_word' id='word_1_242' title='bbox 1278 1779 1416 1806; x_wconf 87' lang='lat' dir='ltr'><strong>mutata</strong></span> <span class='ocrx_word' id='word_1_243' title='bbox 1440 1771 1480 1805; x_wconf 90' lang='lat' dir='ltr'><strong>in</strong></span> <span class='ocrx_word' id='word_1_244' title='bbox 1503 1770 1687 1821; x_wconf 88' lang='lat' dir='ltr'><strong>populum</strong></span> <span class='ocrx_word' id='word_1_245' title='bbox 1702 1771 1778 1809; x_wconf 83' lang='lat' dir='ltr'><strong>Ro-</strong></span> 
     </span>
     <span class='ocr_line' id='line_1_26' title="bbox 156 1830 1768 1885; baseline -0.001 -13"><span class='ocrx_word' id='word_1_246' title='bbox 156 1845 313 1872; x_wconf 75' lang='lat' dir='ltr'><strong>manum</strong></span> <span class='ocrx_word' id='word_1_247' title='bbox 345 1833 550 1871; x_wconf 86' lang='lat' dir='ltr'><strong>constantia</strong></span> <span class='ocrx_word' id='word_1_248' title='bbox 581 1832 832 1883; x_wconf 81' lang='lat' dir='ltr'><strong>pertulissent.</strong></span> <span class='ocrx_word' id='word_1_249' title='bbox 891 1831 1086 1870; x_wconf 86' lang='lat' dir='ltr'><strong>Cratenses</strong></span> <span class='ocrx_word' id='word_1_250' title='bbox 1117 1832 1274 1885; x_wconf 85' lang='lat' dir='ltr'><strong>Augusti</strong></span> <span class='ocrx_word' id='word_1_251' title='bbox 1308 1832 1497 1868; x_wconf 85' lang='lat' dir='ltr'><strong>decretum</strong></span> <span class='ocrx_word' id='word_1_252' title='bbox 1528 1830 1768 1881; x_wconf 82' lang='lat' dir='ltr'><strong>protulerunt</strong></span> 
     </span>
     <span class='ocr_line' id='line_1_27' title="bbox 159 1893 1779 1946; baseline -0.001 -12"><span class='ocrx_word' id='word_1_253' title='bbox 159 1895 243 1943; x_wconf 76' lang='lat' dir='ltr'><strong>Qua</strong></span> <span class='ocrx_word' id='word_1_254' title='bbox 266 1895 315 1933; x_wconf 86' lang='lat' dir='ltr'><strong>de</strong></span> <span class='ocrx_word' id='word_1_255' title='bbox 340 1909 447 1934; x_wconf 84' lang='lat' dir='ltr'><strong>causa</strong></span> <span class='ocrx_word' id='word_1_256' title='bbox 471 1904 570 1933; x_wconf 87' lang='lat' dir='ltr'><strong>recte</strong></span> <span class='ocrx_word' id='word_1_257' title='bbox 594 1895 747 1933; x_wconf 87' lang='lat' dir='ltr'><strong>Tacitus</strong></span> <span class='ocrx_word' id='word_1_258' title='bbox 772 1896 821 1933; x_wconf 85' lang='lat' dir='ltr'><strong>ita</strong></span> <span class='ocrx_word' id='word_1_259' title='bbox 848 1893 961 1933; x_wconf 77' lang='lat' dir='ltr'><strong>dixit:</strong></span> <span class='ocrx_word' id='word_1_260' title='bbox 1010 1894 1172 1944; x_wconf 82' lang='lat' dir='ltr'><strong>„Magna</strong></span> <span class='ocrx_word' id='word_1_261' title='bbox 1204 1895 1281 1931; x_wconf 87' lang='lat' dir='ltr'><strong>eius</strong></span> <span class='ocrx_word' id='word_1_262' title='bbox 1315 1893 1388 1929; x_wconf 87' lang='lat' dir='ltr'><strong>diei</strong></span> <span class='ocrx_word' id='word_1_263' title='bbox 1417 1893 1558 1942; x_wconf 86' lang='lat' dir='ltr'><strong>species</strong></span> <span class='ocrx_word' id='word_1_264' title='bbox 1583 1894 1674 1940; x_wconf 76' lang='lat' dir='ltr'><strong>suit,</strong></span> <span class='ocrx_word' id='word_1_265' title='bbox 1700 1906 1779 1946; x_wconf 76' lang='lat' dir='ltr'><strong>quo</strong></span> 
     </span>
    </p>
   </div>
   <div class='ocr_carea' id='block_1_2' title="bbox 230 2075 521 2251">
    <p class='ocr_par' dir='ltr' id='par_1_2' title="bbox 230 2075 521 2251">
     <span class='ocr_line' id='line_1_28' title="bbox 230 2075 476 2120; baseline 0.004 -11"><span class='ocrx_word' id='word_1_266' title='bbox 230 2075 290 2120; x_wconf 65' lang='grc' dir='ltr'><strong>ιω)</strong></span> <span class='ocrx_word' id='word_1_267' title='bbox 313 2076 336 2110; x_wconf 89' lang='lat'><strong>1.</strong></span> <span class='ocrx_word' id='word_1_268' title='bbox 361 2087 391 2112; x_wconf 82' lang='lat' dir='ltr'><strong>c.</strong></span> <span class='ocrx_word' id='word_1_269' title='bbox 418 2078 476 2112; x_wconf 87' lang='lat'><strong>36.</strong></span> 
     </span>
     <span class='ocr_line' id='line_1_29' title="bbox 233 2138 501 2184; baseline -0.004 -11"><span class='ocrx_word' id='word_1_270' title='bbox 233 2138 295 2183; x_wconf 67' lang='lat'><strong>¹¹⁴)</strong></span> <span class='ocrx_word' id='word_1_271' title='bbox 317 2140 340 2176; x_wconf 75' lang='lat' dir='ltr'>L</span> <span class='ocrx_word' id='word_1_272' title='bbox 365 2150 394 2174; x_wconf 82' lang='lat' dir='ltr'><strong>o.</strong></span> <span class='ocrx_word' id='word_1_273' title='bbox 419 2141 501 2184; x_wconf 86' lang='lat'>780.</span> 
     </span>
     <span class='ocr_line' id='line_1_30' title="bbox 232 2200 521 2251; baseline -0.014 -13"><span class='ocrx_word' id='word_1_274' title='bbox 232 2200 295 2251; x_wconf 79' lang='lat'><strong>¹¹⁵)</strong></span> <span class='ocrx_word' id='word_1_275' title='bbox 320 2201 422 2238; x_wconf 82' lang='lat' dir='ltr'><strong>Tacit.</strong></span> <span class='ocrx_word' id='word_1_276' title='bbox 446 2201 468 2238; x_wconf 84' lang='lat' dir='ltr'><strong>l.</strong></span> <span class='ocrx_word' id='word_1_277' title='bbox 493 2213 521 2236; x_wconf 85' lang='lat' dir='ltr'><strong>c.</strong></span> 
     </span>
    </p>
   </div>
  </div>
 </body>
</html>
