1981 2540
806 112 1155 156 ...25-

167 227 204 259 et
227 214 407 256 libertatis
432 227 454 251 ι
477 214 599 252 Persis
624 212 793 254 defensae
816 224 922 251 amor
946 212 1127 259 Graecos,
1153 212 1310 250 maxime
1324 211 1585 258 Athenienses,
1610 213 1793 264 aliquam-

169 280 236 321 diu
268 287 395 330 eaptos
420 277 572 317 tenebat
600 287 637 316 et
670 277 814 328 proprii
854 275 1044 315 commodi
1076 276 1263 322 studium,
1313 275 1484 327 alioquin
1521 276 1563 312 in
1603 275 1795 313 hominum

174 343 317 383 animos
357 341 518 379 nimium
548 338 673 394 valens
704 338 898 377 coercebat
928 350 1000 374 nee
1040 338 1116 375 suis
1146 352 1336 390 quemque
1369 337 1610 389 cupidatibus
1642 337 1799 388 obsequi

174 403 394 456 patiebatur.
441 403 516 441 Vix
539 411 663 439 autem
687 399 746 437 illi
768 398 965 450 sophistae
988 398 1061 434 sibi
1084 402 1242 437 maxime
1267 411 1481 452 opportuno
1514 410 1684 450 tempore
1708 399 1801 436 urbe

174 465 330 506 Athenis
353 465 513 516 recepti,
533 471 716 515 quantum
739 455 858 500 oratio
882 460 1078 498 artificiose
1103 463 1306 512 composita
1321 473 1357 500 et
1379 473 1507 501 ornata
1536 461 1675 501 valeret
1700 471 1737 499 et
1761 471 1803 500 ut

175 527 369 579 quaelibet
386 540 446 564 res
471 524 731 576 disputationis
754 523 913 570 artificio
937 536 1038 560 nune
1063 535 1150 560 vera
1186 536 1289 560 nunc
1321 523 1408 560 falsa
1440 525 1687 562 demonstrari
1714 538 1804 576 pos-

180 599 252 636 set,
276 587 564 627 Atheniensibus
589 585 825 624 ante-oeulos
848 597 991 636 ponere
1013 595 1052 629 et
1076 597 1155 622 non
1180 584 1300 622 solum
1323 586 1514 623 veritatem
1536 587 1701 632 nullam,
1734 587 1802 625 sed

180 652 292 690 etiam
315 649 403 688 deos
427 649 553 687 nullos
587 659 625 688 et
656 661 735 689 non
764 648 840 685 nisi
863 653 1064 698 'poetarum
1096 647 1283 697 imagines
1308 656 1347 684 et
1373 661 1584 699 puerorum·
1608 649 1802 701 plebisque

182 713 379 764 opiniones
404 724 481 748 esse
505 723 568 748 eos
600 709 737 746 docere
772 719 990 759 coeperant,
1037 723 1157 760 quum
1191 719 1365 760 respente
1394 709 1528 760 religio
1560 711 1697 761 perdiu
1728 715 1802 749 iam

180 787 372 813 senescens
397 773 584 810 evanescit
606 771 822 822 patriaeque
845 783 950 807 amor
974 771 1166 808 subruitur
1189 785 1261 808 nec
1292 772 1500 823 quidquam
1536 773 1677 818 obstat,
1710 788 1805 824 quo-

179 837 306 875 minus
331 847 398 873 suo
423 835 585 885 quisque
609 831 806 869 commodo
830 831 908 870 solo
938 843 1129 882 regeretur
1161 844 1199 870 et
1229 846 1294 871 suo
1326 836 1488 885 quisque
1520 835 1638 872 animi
1672 836 1805 874 ardore

179 898 228 938 ad
251 896 509 937 crudelissima
534 904 645 946 atque
670 895 826 949 maxime
850 895 968 945 impia
998 908 1168 946 quaeque
1200 894 1468 947 impellbretur.
1519 897 1621 934 Haec
1651 897 1806 948 religio-

179 961 237 998 nis
263 969 300 997 et
322 959 464 1011 patriae
488 958 624 998 amoris
648 957 777 1002 ruina,
813 956 884 995 hoe
915 956 1007 995 inde
1036 966 1161 993 ortum
1185 959 1361 1007 propriae
1385 958 1554 996 utilitatis
1577 960 1742 997 studium
1767 971 1805 999 et

180 1024 274 1061 haec
298 1022 470 1061 omnium
493 1019 742 1072 cupiditatum
772 1019 942 1063 licentia,
992 1024 1225 1069 quantopere
1260 1030 1452 1069 praeterea
1485 1021 1627 1057 acerbis
1652 1032 1807 1059 conten-

179 1083 344 1122 tionibus
367 1095 410 1119 ae
434 1082 545 1119 rebus
570 1081 731 1120 adversis
754 1080 848 1117 belli
871 1080 1178 1131 peloponnesiaci
1201 1080 1253 1129 ⁶³)
1279 1080 1434 1118 adaucta
1459 1090 1496 1118 et
1519 1082 1711 1120 manifesta
1733 1084 1809 1122 sint

180 1146 295 1190 facta,
318 1144 580 1194 Thucydides,
605 1157 681 1193 quo
705 1156 784 1181 non
807 1142 902 1180 alter
926 1142 1121 1179 hominum
1140 1143 1281 1179 animos
1309 1142 1445 1179 melius
1469 1144 1641 1193 cognovit
1666 1155 1702 1182 et
1727 1146 1808 1195 pla-

182 1199 266 1245 nius
292 1205 500 1243 describere
525 1204 651 1250 valuit,
676 1217 744 1241 nos
768 1203 834 1239 illa
858 1203 1060 1254 praecipue
1085 1215 1231 1239 morum
1257 1212 1516 1253 corruptorum
1541 1203 1806 1257 descriptione,

183 1283 297 1319 quam
320 1268 474 1305 funestis
497 1266 660 1303 dissidiis
685 1279 728 1302 ac
752 1264 927 1302 caedibus
961 1266 1060 1301 inter
1097 1265 1300 1301 nobiliores
1331 1275 1368 1302 et
1397 1266 1583 1315 populum
1604 1268 1808 1319 *Corcyrae

183 1328 327 1371 insulae
352 1329 526 1380 expositis
551 1327 739 1371 adiunxit,
765 1326 905 1377 optime
931 1325 1069 1364 docuit.
1091 1324 1143 1374 ⁶⁴)
1193 1325 1299 1362 Hanc
1324 1326 1567 1377 Thucydides
1587 1328 1808 1381 descriptio-

184 1405 272 1429 nem
307 1391 529 1442 depromere
559 1399 597 1426 et
628 1389 858 1426 Graecorum
888 1388 1113 1437 religionem
1146 1400 1309 1424 eversam
1340 1401 1537 1441 moresque
1573 1392 1616 1426 in
1649 1391 1810 1430 deterius

184 1464 361 1495 mutatos,
387 1453 434 1490 de
460 1452 596 1504 quibus
619 1450 774 1490 Stollius
799 1450 893 1488 mihi
916 1445 1159 1489 amicissimus
1183 1450 1333 1501 copiose
1352 1463 1397 1488 ac
1413 1450 1600 1490 subtiliter
1623 1446 1826 1501 disseruit‚'

183 1517 295 1554 latius
320 1528 507 1566 exponere
532 1516 614 1553 iure
646 1527 730 1552 meo
748 1513 990 1564 supersedeo.

285 1577 329 1616 ld
355 1579 449 1621 iam,
483 1576 587 1627 quod
606 1575 657 1616 ad
672 1576 931 1627 quaestionem
951 1578 1183 1629 propositam
1203 1576 1371 1627 proxime
1391 1577 1578 1627 pertinet,
1602 1579 1806 1629 aggredior,

188 1641 372 1692 copiosius
392 1651 559 1683 narrare,
587 1635 774 1689 quomodo
788 1636 880 1674 haec
899 1636 1034 1687 agendi
1053 1638 1146 1674 ratio
1162 1650 1208 1673 ex
1221 1638 1377 1688 proprio
1389 1639 1588 1676 commodo
1605 1641 1728 1676 omnia
1742 1641 1811 1679 So·

186 1703 393 1755 phistatum
417 1711 521 1740 more
544 1710 580 1738 et
593 1700 763 1739 doctrina
781 1699 958 1737 emetiens
978 1707 1015 1735 et
1035 1698 1126 1738 haee
1155 1699 1401 1750 cupiditatum
1427 1699 1578 1738 lieentia
1607 1702 1810 1755 sacrilegiis

153 1771 161 1775 ”
191 1766 482 1817 supplicumque
492 1763 685 1800 «caedibus
703 1775 855 1813 quoque
872 1760 1127 1822 palamiactae
1146 1764 1234 1800 sint.
1261 1763 1375 1799 Initio
1395 1764 1495 1799 enim
1517 1763 1604 1800 belli
1626 1764 1812 1816 pelopon-

189 1828 344 1873 nesiaci,
361 1825 768 1878 quum-Archidamus,
782 1825 1051 1876 Spartanorum
1069 1837 1137 1862 rex
1151 1824 1227 1861 iam
1241 1823 1378 1861 finibus
1396 1824 1537 1861 Atticae
1553 1823 1695 1863 bellum
1711 1827 1814 1867 intu-

193 1889 317 1933 lisse't,
342 1888 517 1932 Pericles,
542 1897 584 1924 ut
598 1887 882 1923 Atheniensium
894 1887 1036 1922 animos
1052 1885 1205 1923 afflictos
1218 1887 1373 1935 erigeret
1388 1898 1430 1921 ac
1450 1886 1628 1931 firmaret,
1645 1889 1705 1933 iis,
1722 1901 1816 1940 quot

193 1949 343 1996 talenta,
360 1960 542 2002 quantum
558 1960 687 1986 aurum
711 1957 749 1985 et
766 1958 963 2000 argentum
976 1960 1051 1984 non
1063 1947 1260 1997 signatum,
1276 1956 1439 1999 quotque
1448 1960 1532 1985 vasa
1550 1957 1589 1986 et
1605 1962 1665 1988 res
1677 1952 1815 2002 pretio-

265 2078 317 2122 ⁶³)
343 2076 401 2114 ὅδὲ
424 2077 573 2125 πόλεμος
594 2078 708 2125 βίαιος
731 2076 937 2119 διδάσκαλος
958 2078 1110 2125 Thucyd.
1139 2078 1195 2113 lli.
1223 2091 1276 2114 η.
1300 2079 1345 2116 cf.
1370 2076 1417 2115 11.
1447 2080 1525 2121 «34.

270 2140 321 2188 ⁶⁴)
345 2143 401 2179 111.
431 2145 486 2178 aa.
550 2156 561 2163 κ

1206 2209 1259 2249 4*
