1981 2540
814 157 1160 201 ...53-

166 275 236 312 per
260 261 485 298 deteriorem
508 268 642 297 statum
665 260 737 298 hoe
760 259 877 298 relabi
901 273 1050 297 necesse
1074 269 1170 305 erat,
1201 261 1382 311 quoniam
1407 258 1519 296 urbes
1543 259 1602 296 vel
1626 260 1790 297 civitates

166 336 244 361 non
275 321 477 373 religione,
511 321 577 359 sed
607 322 760 360 nonnisi
793 322 998 359 commodis
1038 336 1102 359 seu
1140 323 1292 373 privatis
1338 336 1404 359 seu
1454 320 1617 373 publicis
1658 321 1789 357 ductae

165 384 272 421 illam
297 397 423 421 curam
448 398 490 422 ac
514 384 681 422 laborem
716 384 776 420 eui
812 383 944 433 templi
975 385 1111 433 ἀσυλίᾳ,
1143 394 1185 422 ut
1216 387 1267 423 ita
1301 385 1434 430 dicam,
1479 380 1699 421 retinendae
1730 382 1788 419 vel

163 446 459 496 comprobandae
491 445 549 484 vel
573 444 858 496 amplificandae
882 443 1174 495 impendebant?
1225 447 1416 492 Quaenam
1440 457 1546 484 erant
1567 447 1660 482 haec
1686 458 1789 482 com-

162 507 298 545 moda?
346 496 516 545 Primum
526 535 538 553 ,
570 509 603 544 si
633 506 729 544 forte
759 506 892 557 templi
926 508 1098 544 sanctitas
1129 507 1257 557 itaque
1283 508 1374 557 asyli
1402 522 1553 560 quoque
1580 510 1638 545 ius
1673 517 1787 545 totam

161 569 335 615 insulam,
361 579 404 607 ut
427 568 567 606 Delum
600 578 637 606 et
667 568 971 614 Samothraciam,
996 567 1055 606 vel
1086 578 1259 620 magnam
1292 570 1393 606 urbis
1424 571 1538 621 ipsius
1563 580 1719 622 partem,
1745 578 1786 605 ut

159 633 422 683 Ephesiorum,
446 631 502 670 vel
523 632 615 670 adeo
640 641 753 670 totam
780 632 910 669 urbem
934 641 972 669 et
994 632 1198 683 regionem,
1224 642 1266 669 ut
1288 632 1470 670 Teiorum
1494 631 1788 683 comprehende-

159 695 239 740 bat,
264 695 309 741 ii,
336 696 402 746 qui
426 694 520 732 fines
544 705 702 732 sacratos
727 695 998 739 inhabitarent,
1024 708 1103 731 non
1127 694 1251 732 solum
1276 696 1452 732 tutiorem
1466 695 1580 732 vitam
1593 692 1785 743 degebant,

160 756 226 794 sed
251 758 362 795 etiam
394 758 554 803 tributo,
590 767 632 794 ut
663 758 762 802 Teii,
787 757 833 793 ab
865 756 1040 794 Romanis
1075 758 1261 794 immunes
1298 767 1414 794 erant.
1441 759 1519 801 ¹²³).
1570 757 1620 793 Et
1643 755 1685 792 hi
1710 767 1788 792 non

159 819 302 864 solum,
327 820 395 856 sed
420 821 529 856 etiam
553 820 723 864 finitimi,
757 828 914 869 quantos
938 820 1078 856 fructus
1097 833 1142 856 ex
1161 819 1355 857 sacrificiis
1378 829 1415 856 et
1428 819 1659 857 solemnibus
1674 816 1787 860 ludis,

161 882 227 931 qui
253 882 454 931 quotannis
486 880 545 917 his
579 881 621 916 in
653 880 744 917 locis
777 882 890 917 sacris
921 881 1229 927 instituebantur,
1270 883 1465 932 percipere
1498 881 1679 918 solebant.
1709 881 1784 926 ¹²⁴).

160 943 245 979 Huc
282 942 501 987 accedebat,
550 952 592 979 ut
624 943 716 978 haec
754 943 836 980 loca
866 956 969 980 sacra
1011 956 1078 979 seu
1110 944 1208 993 asyla
1233 944 1282 980 ad
1305 954 1552 981 mercaturam
1575 941 1786 979 faciendam

160 1004 330 1041 omnium
366 1007 526 1040 maxime
564 1002 757 1041 adirentur
791 1013 828 1040 et
866 1003 1091 1054 plerumque
1130 1004 1329 1040 hominum
1359 1005 1569 1054 frequentia
1600 1002 1785 1053 completa

156 1075 286 1104 essent.
314 1067 405 1112 Quis
430 1065 530 1110 Deli,
555 1065 658 1102 illius
683 1067 973 1116 frequentissimi
998 1067 1174 1116 emporii,
1205 1079 1281 1102 non
1319 1065 1560 1102 recordatur?
1611 1066 1786 1115 Denique

157 1130 255 1164 inter
280 1141 360 1173 eos,
386 1129 453 1179 qui
474 1127 666 1179 supplices
691 1128 749 1164 his
781 1129 821 1164 in
852 1128 1000 1165 sacratis
1031 1127 1168 1164 finibus
1205 1128 1549 1172 commorabantur,
1588 1127 1689 1163 haud
1715 1127 1785 1163 du-

156 1191 218 1227 bie
253 1189 362 1228 multi
395 1200 516 1236 erant,
567 1192 633 1242 qui
671 1204 843 1241 magnam
875 1190 1075 1241 pecuniam
1107 1203 1232 1227 secum
1263 1199 1466 1241 portarent.
1516 1189 1567 1227 lta
1600 1189 1782 1240 religione

153 1265 269 1301 quum
295 1252 465 1288 homines
491 1252 747 1296 abuterentur,
773 1253 914 1295 evenit,
938 1262 981 1288 ut
1005 1252 1161 1288 Tiberio
1186 1262 1367 1302 regnante
1392 1252 1551 1288 Graecas
1575 1265 1645 1301 per
1669 1252 1780 1287 urbes

152 1312 305 1350 licentia
330 1322 440 1364 atque
465 1314 667 1363 impunitas
693 1313 793 1363 asyla
819 1313 1004 1350 statuendi
1029 1323 1220 1352 cresceret.
1270 1314 1393 1350 Etiam
1418 1313 1568 1350 aliunde
1592 1312 1782 1363 asylorum

153 1376 364 1425 depravatio
390 1389 537 1426 semper
563 1376 681 1412 maior
706 1385 760 1412 est
783 1375 888 1412 facta.
938 1375 1129 1418 Prioribus
1155 1376 1254 1413 enim
1279 1375 1460 1413 aetatibus
1491 1376 1532 1412 in
1558 1389 1676 1426 pauca
1702 1385 1782 1412 tan-

152 1447 232 1474 tum
258 1436 407 1488 templa,
432 1446 472 1473 ut
495 1438 536 1473 in
560 1437 815 1475 Phliusiorum
839 1436 1023 1487 templum
1039 1439 1104 1486 ¹2⁵)
1130 1447 1166 1475 et
1188 1439 1381 1476 Minervae
1401 1439 1599 1484 χαλκιοίκου
1615 1437 1695 1482 ¹²⁶),
1719 1437 1783 1473 hic

150 1512 285 1548 pravus
311 1512 390 1535 mos
423 1500 533 1534 etiam
559 1500 689 1548 capitis
722 1499 915 1536 damnatos
940 1498 998 1536 vel
1023 1499 1146 1536 caedis
1179 1500 1276 1536 haud
1311 1502 1428 1536 iustae
1449 1500 1654 1537 'convictos
1686 1500 1782 1535 reci-

150 1559 279 1611 piendi
309 1560 518 1611 irrepserat.
569 1559 617 1595 Et
641 1560 709 1595 uni
734 1560 877 1596 Dianae
900 1560 1044 1611 templo
1070 1561 1233 1611 Ephesio
1259 1560 1489 1598 debitoribus
1508 1571 1637 1598 contra
1663 1560 1784 1598 credi-

151 1632 247 1671 tores
273 1622 425 1659 tutelam
449 1621 592 1659 dedisse
617 1622 821 1672 opprobrio
848 1623 966 1663 datur,
988 1626 1045 1668 ¹2⁷)
1080 1625 1197 1661 Huius
1222 1638 1310 1662 vero
1325 1625 1463 1661 aetatis
1487 1624 1677 1669 homines,
1707 1637 1783 1661 non

154 1685 226 1720 uisi
251 1685 326 1720 suis
350 1683 554 1721 commodis
580 1684 704 1727 ducti,
731 1697 963 1735 nequaquam
989 1686 1239 1735 pensitabant,
1273 1695 1400 1722 utrum
1426 1686 1616 1723 hominem
1642 1697 1779 1736 purum

156 1746 326 1784 nec‘ullo
352 1747 502 1798 piaculo
528 1746 732 1798 pollutum,
759 1761 803 1783 an
831 1746 1025 1785 scelestum
1060 1758 1171 1800 atque
1201 1750 1362 1800 impium
1397 1750 1619 1800 reciperent.
1668 1748 1776 1791 Nam,

154 1818 195 1844 ut
218 1810 367 1846 Tacitus
386 1810 455 1854 ait,
489 1810 643 1846 Tiberio
669 1818 843 1858 regnante
863 1810 999 1860 templa
1019 1812 1189 1860 pessimis
1213 1812 1448 1848 servitiorum
1480 1809 1773 1859 complebantur,

219 1957 284 2001 ¹²³)
311 1960 363 1994 Cs.
390 1961 508 2005 Spanb,
535 1961 557 1993 l.
584 1961 637 1995 cit.
665 1973 698 2005 p.
727 1962 795 2004 783
823 1960 864 1993 de
891 1961 1001 1994 liberis
1024 1962 1169 1994 urbibus.

225 2020 288 2062 ²2⁴)
314 2022 455 2066 Thucyd
496 2023 548 2056 ΙΙΙ.
580 2021 657 2061 ¹⁰4·
708 2023 860 2067 Xenoph.
889 2023 1038 2067 Expedit.
1067 2023 1144 2068 Cyr.
1173 2037 1201 2058 v.
1229 2026 1260 2058 3.
1286 2023 1315 2063 §0
1343 2026 1374 2057 8.

225 2082 288 2125 ¹²⁵)
315 2082 409 2117 Pans.
434 2083 474 2116 11.
500 2095 528 2118 c.
561 2086 613 2118 ¹3.

224 2142 286 2187 ¹²⁶)
312 2145 429 2190 Polyb.
454 2145 513 2180 lV.
540 2144 598 2180 86.

224 2206 282 2251 ¹²⁷)
307 2208 395 2243 Plut.
422 2207 463 2241 de
490 2207 642 2240 evitandis
670 2208 774 2241 usuris
801 2216 834 2253 p'.
863 2212 943 2251 2953.

1457 2273 1508 2297 *ψ
