1981 2540
152 199 338 252 digerent,
376 198 459 251 quis
484 207 556 244 est,
581 196 643 236 cui
666 209 745 236 nou
759 197 878 249 magis
901 210 987 235 suae
1011 196 1166 235 utilitati
1192 197 1421 242 inserviisse,
1447 210 1559 248 qnam
1582 198 1777 249 religionis

153 262 300 301 causam
333 262 466 312 egisse.
488 260 704 299 videantur?
760 260 945 308 Quoniam
986 261 1101 310 igitur
1135 273 1213 298 non
1252 260 1386 311 religio
1425 260 1578 310 antiqua
1618 262 1778 312 amplius

153 323 434 363 Atheniensium
464 324 607 361 animos
639 322 790 374 regebat
823 332 862 359 et
895 321 1117 372 cupiditates
1153 323 1381 369 coercebat,
1402 322 1471 360 sed
1504 323 1652 373 proprii
1678 336 1779 361 com-

150 384 254 425 modi
277 385 586 424 studium-solum
610 385 649 421 in
676 396 739 421 eos
763 382 822 420 vel
852 384 1013 419 mxime
1045 382 1305 422 dominabatur
1337 385 1640 437 cupiditatesque
1673 383 1784 423 erant‘

151 448 364 494 effrenatae,
391 449 474 499 quis
496 457 573 492 est,
599 446 661 483 cui
684 446 821 482 mirum
845 457 924 482 esse
946 445 1078 496 possit,
1104 454 1146 482 nt
1168 458 1246 483 non
1271 447 1428 498 amplius
1453 448 1611 485 deorum
1638 447 1780 499 templa

150 524 191 549 ac
216 524 275 549 res
299 523 425 548 sacrae
458 509 617 546 intactae
648 507 813 545 fuerint?
861 505 1003 544 Eadem
1027 518 1086 544 res
1110 507 1152 544 in
1183 519 1423 559 conspectum
1457 520 1629 548 nostrum
1662 510 1777 557 venit,

148 575 180 610 si
205 573 396 623 inquirere
420 571 594 617 velimus,
631 568 866 621 supplicesne
889 579 971 607 tum
996 571 1176 622 temporis
1200 572 1242 607 in
1266 572 1412 621 templis
1438 574 1507 609 tuti
1528 573 1678 612 suerint.
1727 573 1777 610 In

150 634 317 685 Corcyra
346 632 471 671 insula
508 632 728 685 populares,
778 631 920 670 acerbis
955 632 1024 669 bos
1061 633 1162 669 inter
1193 642 1230 671 et
1260 632 1407 670 nobiles
1434 633 1572 669 exortis
1597 633 1773 680 dissidiis,

148 709 265 748 quum
299 695 450 734 tandem
482 708 553 746 per
594 694 902 738 Atheniensium,
950 694 1139 746 imprimis
1182 707 1312 732 eornm
1347 695 1450 732 ducis
1485 695 1773 746 Eurymedontis

146 772 256 810 opem
282 758 330 795 de
354 756 542 796 nobilibus
567 754 770 793 admodum
794 766 983 793 cruentam
1011 767 1265 808 reportassent
1296 758 1510 802 victoriam,
1536 767 1679 808 septem
1704 771 1776 808 per

146 820 227 858 dies
251 833 394 857 summa
416 820 471 855 ira
492 831 536 855 ac
560 819 776 856 saevitiain
801 830 862 856 eos
888 819 1109 864 saeviebant,
1140 820 1213 865 ita,
1244 829 1287 857 ut
1322 832 1567 871 quoscunque
1599 820 1774 856 inimicos

142 882 349 926 habebant,
385 880 635 925 trucidarent,
672 881 784 917 etiam
814 880 1026 932 complures
1065 882 1226 933 privatas
1258 881 1526 920 ulciscerentur
1559 882 1773 919 inimicitias

148 952 262 996 atque
287 942 379 981 adeo
405 956 426 980 a
450 942 679 991 debitoribus
703 942 965 980 occiderentur
997 942 1210 980 creditores.
1261 944 1396 980 Omnis
1427 943 1610 994 denique,
1646 944 1774 995 inquit

146 1005 406 1057 Thucydides,
440 1005 563 1043 caedis
594 1005 736 1057 speeies
771 1004 983 1049 videbatur,
1030 1005 1128 1042 nihil
1160 1018 1240 1043 non
1270 1007 1413 1051 evenit,
1453 1005 1557 1055 quod
1580 1006 1621 1042 in
1643 1005 1775 1043 buius-

146 1066 251 1106 modi
275 1080 362 1105 casu
386 1067 471 1104 fieri
495 1067 590 1106 solet
622 1077 736 1118 atque
767 1068 880 1104 etiam
914 1066 1084 1118 amplius.
1133 1067 1282 1104 Etenim
1312 1076 1420 1118 pater
1452 1066 1574 1104 filium
1607 1076 1643 1104 et
1673 1066 1773 1104 filius

145 1140 291 1182 patrem
321 1129 532 1167 trucidabat
564 1139 601 1167 et
630 1129 818 1181 supplices
853 1143 874 1165 a
907 1129 1054 1180 templis
1079 1128 1127 1165 ad
1157 1142 1289 1165 necem
1315 1129 1624 1166 abstrahebantur
1656 1139 1773 1181 atq-ue

146 1192 238 1231 adeo
263 1192 311 1229 ad
335 1206 414 1229 aras
438 1192 676 1231 necabantur.
726 1192 805 1228 Nec
830 1190 965 1228 desunt
988 1191 1100 1227 huius
1123 1191 1179 1227 rei
1203 1191 1349 1242 singula
1374 1191 1554 1243 exempla.
1608 1192 1640 1228 Ii
1666 1193 1771 1228 enim

145 1253 310 1299 nobiles,
334 1253 433 1291 haud
456 1254 581 1291 minus
606 1252 865 1306 quadrigenti,
888 1253 956 1304 qui
979 1254 1022 1291 in
1049 1253 1201 1291 lunonis
1226 1253 1367 1304 templo
1399 1255 1499 1305 capti
1536 1254 1769 1298 tenebantur,

146 1317 311 1369 primum
335 1315 383 1353 ad
406 1315 590 1353 iudicium
613 1314 848 1353 subeundum
879 1324 923 1353 ut
954 1316 1098 1353 exirent
1134 1315 1290 1366 impulsi
1335 1324 1447 1355 suut.⁴
1484 1316 1608 1362 Quum
1641 1328 1769 1353 omnes

146 1391 255 1425 vero,
278 1379 434 1430 quibus,
458 1388 501 1415 ut
524 1378 689 1424 exirent,
713 1391 933 1430 persuasum
957 1388 1058 1423 erat,
1094 1387 1215 1414 morte
1237 1377 1401 1415 damnati
1429 1390 1471 1415 ac
1496 1379 1599 1429 gravi
1625 1378 1770 1428 suppli-

147 1441 208 1478 cio
232 1450 354 1478 essent
376 1440 515 1487 necati3
552 1441 683 1485 ceteri,
732 1440 853 1478 multo
884 1440 1004 1478 maior
1033 1452 1228 1486 numerus,
1262 1439 1447 1491 supplicio
1481 1440 1528 1476 de
1561 1441 1670 1478 sociis
1694 1441 1769 1478 suis

146 1511 294 1554 sumpto
318 1502 403 1538 satis
429 1500 573 1546 edocti,
597 1502 795 1539 maximam
817 1511 962 1553 partem
987 1502 1030 1538 in
1063 1502 1211 1553 templo
1241 1514 1280 1538 se
1316 1502 1389 1552 ipsi
1423 1503 1585 1538 invicem
1617 1515 1770 1540 necave-

144 1574 254 1608 runt,
278 1563 419 1614 reliqui
443 1577 487 1600 ex
511 1564 704 1600 arboribus
727 1566 1003 1601 interemerunt
1024 1577 1064 1601 se
1086 1566 1159 1614 ipsi
1183 1563 1346 1614 laqueis,
1370 1564 1428 1601 vel
1453 1579 1676 1616 quacunque
1699 1579 1769 1616 po-

147 1634 269 1663 terant
299 1625 359 1662 via
393 1634 551 1661 mortem
576 1625 649 1660 sibi
674 1626 944 1664 consciverunt.
992 1626 1092 1661 Num
1106 1625 1274 1677 profecto
1296 1636 1372 1662 tam
1398 1626 1563 1662 crudelia
1588 1627 1627 1662 in
1652 1636 1767 1662 semet

145 1687 220 1738 ipsi
244 1686 419 1738 egissent,
446 1686 520 1723 nisi
550 1698 622 1736 pro
654 1697 754 1725 certo
786 1686 1021 1733 habuissent,
1059 1687 1171 1724 etiam
1203 1686 1416 1726 crudeliora
1451 1701 1490 1725 se
1521 1689 1568 1724 ab
1602 1687 1766 1724 inimicis

145 1762 315 1801 passuros
339 1748 441 1786 esse?
466 1748 709 1800 Nequaquam
734 1762 860 1789 errore
883 1748 968 1787 illos
992 1749 1268 1802 fuissecaptos,
1291 1751 1369 1787 iam»
1390 1763 1434 1787 ex
1458 1764 1502 1788 eo
1524 1749 1640 1800 liquet
1661 1750 1766 1800 quod

147 1811 212 1850 alii
242 1811 404 1854 nobiles.
439 1812 504 1863 qui
527 1812 569 1848 in
593 1812 731 1850 Bacchi
755 1812 954 1850 delubrum
978 1826 1018 1850 se
1041 1823 1276 1865 receperant,
1308 1812 1464 1850 delubro
1495 1812 1691 1851 obstructo
1711 1812 1767 1850 ibi

144 1874 241 1912 fame
260 1875 484 1912 interierunt
505 1874 569 1919 ⁶⁹).
596 1875 717 1912 Etiam
741 1875 853 1914 aliam
872 1875 1073 1927 malignam
1090 1885 1227 1921 artem,
1253 1875 1335 1913 dico
1359 1888 1461 1921 eam,
1485 1877 1642 1913 materia
1667 1878 1768 1913 circa

145 1949 245 1975 aram
268 1937 328 1990 vel
351 1936 536 1989 templum
559 1947 730 1988 congesta
754 1948 792 1976 et
814 1940 964 1976 incensa
987 1937 1175 1989 supplices
1192 1937 1450 1983 comburendi,
1475 1951 1545 1989 per
1569 1930 1766 1975 hominum

144 1999 396 2052 sagacitatem,
425 2008 554 2050 utpote
586 2013 682 2051 quae
714 1999 902 2051 piaculum
935 2001 1070 2039 evitare
1106 1999 1291 2047 studeret,
1325 2000 1395 2039 hac
1429 2010 1547 2040 aetate
1578 2001 1779 2062 inventam'

218 2130 268 2176 ⁶⁹)
289 2130 440 2179 Thucyd.
465 2127 532 2169 Ill.
563 2134 742 2178 70-⁸¹·
