1981 2540
376 255 482 301 Quae
518 253 643 291 adhuc
673 253 839 304 exposita
877 262 986 297 sunt,
1026 253 1344 304 simpiniacum,
1376 255 1470 293 baec
1507 255 1725 296 habebimus
1751 268 1837 309 pers

203 332 320 358 suasa.
397 319 566 356 Primum
602 317 738 370 Apollo
783 315 984 366 Delphius,
1031 316 1137 353 cuius
1167 315 1388 354 auctoritate
1433 319 1588 357 maxime
1627 329 1728 358 tum·
1745 329 1838 358 tem·

204 384 330 434 poris,
376 395 495 432 quum
535 381 709 431 Spartani
760 378 939 414 Graeciae
985 378 1242 428 principatum
1284 378 1484 424 tenebant,
1531 380 1633 430 apnd
1679 381 1844 420 Graecos

205 453 308 482 tanta
332 453 428 488 erat,
452 452 494 479 ut
517 441 594 478 sere
624 453 754 478 omnes
787 440 974 491 imprimis
1006 438 1276 491 Spartanorum
1300 452 1373 488 res„
1391 440 1473 478 eius
1499 450 1594 478 nutu
1626 454 1845 493 regerentur

206 520 279 543 nec
305 506 514 556 quifiuam
539 503 692 540 maioris
717 503 899 540 momenti
926 503 1005 538 sine
1031 503 1109 540 eius
1135 503 1351 540 auctoritate
1383 516 1425 540 ac
1457 502 1615 541 consilio
1640 515 1844 554 gereretur,

209 568 453 618 praecipuam
478 564 631 615 gerebat
655 577 806 609 curam,
831 577 879 600 ne
906 563 1134 614 templorum
1157 565 1370 602 sanctitates
1391 564 1630 604 violarentur.
1684 565 1844 612 Deinde,

206 630 296 667 lieet
319 627 436 665 multa
463 628 544 665 eius
570 628 715 678 generis
740 626 908 676 exempla
934 635 1148 676 temporum
1172 624 1361 663 oblivione
1390 627 1528 665 obruta
1557 640 1628 665 nec
1662 641 1683 664 a
1715 639 1844 666 rerum

209 689 457 742 scriptoribus
483 689 683 726 memoriae
706 686 855 739 prodita
879 687 973 731 sint,
1010 698 1095 724 raro
1122 695 1249 724 tamen
1273 686 1315 723 in
1342 687 1518 727 Graeciae
1541 688 1771 737 civitatibus,
1803 699 1848 729 ut

210 754 383 792 homines
408 754 448 789 in
474 752 631 789 deorum
656 750 793 801 templa
819 749 1083 799 confugerent,
1110 751 1275 786 evenisse
1298 749 1459 789 videtur.
1520 750 1632 796 Quod
1656 764 1700 789 eo
1724 753 1845 791 rarius

211 817 380 852 eveniret
403 827 551 851 necesse
575 822 671 857 erat,
699 826 772 863 quo
798 812 914 861 magis
942 811 1130 848 civitatum
1157 810 1258 862 leges
1283 824 1408 849 saevae
1425 811 1631 849 ulciscendi
1650 813 1849 864 cupiditati

209 878 430 917 resistebant
454 876 617 914 novariis
643 875 838 912 hominum
864 873 1065 910 sceleribus
1092 873 1190 924 leges
1216 874 1509 925 imponebantur
1530 887 1572 911 ac
1589 875 1730 913 iudicia
1756 889 1846 914 cou-

211 942 468 978 stituebantur.
528 938 579 975 Ut
615 936 720 988 apud
761 937 1030 981 Athenienses,
1080 948 1246 987 quorum
1285 936 1385 987 leges
1429 949 1473 974 ac
1504 935 1643 974 iudicia
1677 938 1848 980 omnium

210 1003 368 1040 maxime
400 1001 508 1038 nobis
540 1009 627 1038 nota
661 1009 763 1044 sunt,
790 998 837 1036 de
869 1000 935 1043 iis,
980 999 1047 1049 qui
1083 997 1237 1036 caedem
1274 1008 1550 1051 perpetrassent
1582 998 1629 1036 de
1654 998 1847 1045 industria,

213 1068 449 1114 Areopagus,
472 1061 522 1098 de
548 1063 615 1102 iis.
641 1062 708 1112 qui
734 1074 810 1097 non
838 1059 884 1096 de
910 1059 1113 1106 industria,
1147 1060 1315 1112 Ephetae
1339 1062 1381 1098 in
1406 1060 1594 1107 Palladio,
1619 1060 1667 1098 de
1691 1063 1758 1107 iis,
1783 1064 1850 1113 qui

216 1126 369 1164 caedem
396 1124 647 1162 vosuntariam
673 1121 848 1173 quidem,
874 1121 939 1159 sed
966 1136 1066 1167 eam,
1094 1136 1206 1175 quam
1231 1124 1367 1160 iustam
1392 1122 1656 1169 defenderent,
1681 1123 1849 1176 Ephetae

215 1192 255 1227 in
283 1187 511 1238 Delphinio‚
538 1185 586 1222 de
611 1187 677 1229 iis,
705 1186 769 1235 qui
795 1185 908 1221 caede
933 1195 1144 1236 perpetrata
1178 1186 1451 1236 confugissent,
1484 1186 1744 1232 Nomotbetae.
1780 1188 1849 1224 ita-

215 1265 288 1303 que
314 1250 361 1287 de
385 1248 561 1286 omnibus
587 1247 774 1283 sceleratis
799 1247 893 1283 certi
919 1246 1064 1283 iudices
1088 1245 1271 1283 iudicium
1295 1247 1482 1293 ferebant,
1508 1258 1548 1286 ut
1582 1247 1738 1289 cuilibet
1770 1262 1851 1300 gra-

215 1314 326 1352 vioris
351 1310 534 1349 momenti
553 1309 687 1347 sceleri
713 1318 812 1346 certa
837 1307 977 1346 iudicia
1001 1317 1038 1346 et
1061 1321 1225 1360 poenae,
1250 1309 1355 1347 verbi
1379 1323 1487 1348 causa
1498 1310 1604 1349 caedi
1620 1324 1698 1349 non
1720 1310 1852 1350 volun·

215 1378 330 1414 tariae
367 1386 535 1409 annuum
572 1370 743 1408 exsilium
776 1369 922 1420 legibus
947 1380 1042 1408 esset
1064 1371 1275 1409 institutum
1299 1371 1366 1415 ⁶¹).
1417 1373 1547 1423 ltaque
1572 1373 1655 1410 fieri
1680 1386 1757 1411 non
1781 1386 1851 1425 po-

220 1439 312 1482 tuit,
339 1437 429 1488 quin
458 1434 630 1472 homines
657 1443 755 1479 tum,
780 1446 899 1483 quum
925 1420 1208 1543 οἱνᾟὲεε
1232 1433 1434 1471 utebantur
1442 1461 1454 1479 ‚
1497 1446 1651 1484 perraro
1687 1435 1728 1472 in
1763 1435 1851 1473 deo-

219 1514 304 1538 rum
329 1498 478 1536 tutelam
504 1510 542 1534 se
568 1496 735 1546 recipere
761 1505 1005 1546 cogerentur,
1171 1505 1226 1532 rte
1252 1495 1455 1546 aliqnando
1479 1509 1606 1533 servus
1632 1498 1728 1547 quis,
1754 1499 1851 1536 infra

218 1565 319 1613 leges
345 1574 461 1611 quum
486 1569 580 1595 esset
605 1558 842 1601 constitutus,
867 1556 926 1593 vel
953 1557 1056 1600 civis,
1082 1556 1206 1594 debita
1230 1556 1408 1594 solvendo
1434 1564 1552 1608 quum
1586 1567 1680 1595 esset
1716 1560 1848 1610 impar,

221 1624 318 1662 nibil
343 1622 466 1664 aliud,
494 1621 565 1656 nisi
591 1619 747 1657 deorum
773 1617 1064 1656 misericordiam
1091 1617 1265 1663 habebat,
1291 1618 1394 1670 quod
1418 1618 1645 1671 imploraret.
1671 1620 1850 1667 Quando-

221 1699 374 1738 cunque
400 1697 485 1721 vero
511 1696 575 1719 seu
599 1683 755 1720 internis
782 1683 919 1719 civium
947 1680 1128 1726 dissidiis,
1154 1690 1195 1717 ut
1220 1681 1377 1719 Athenis
1404 1681 1556 1733 Cylonio
1580 1692 1758 1735 tempore,
1781 1697 1845 1721 seu

220 1750 385 1787 hostium
419 1744 693 1782 incursionibus
727 1754 961 1796 tempestates
995 1743 1086 1782 adeo
1120 1743 1291 1781 turbidae
1330 1754 1451 1782 essent
1492 1744 1629 1793 factae,
1678 1757 1719 1785 ut
1749 1748 1847 1785 inter

222 1824 321 1849 arma
345 1824 424 1847 non
448 1807 571 1846 solum
598 1807 754 1850 civitatis
780 1805 899 1857 leges,
925 1819 1052 1843 verum
1079 1807 1188 1843 etiam
1217 1807 1342 1844 omnia
1367 1806 1494 1844 divina
1518 1818 1556 1845 et
1579 1809 1741 1846 humana
1766 1810 1846 1846 iura

223 1874 374 1911 silerent
407 1885 477 1908 nec
517 1868 687 1921 amplius·
713 1868 909 1905 hominum
942 1868 1210 1919 cupiditatibus
1242 1868 1411 1907 resistere
1443 1880 1611 1922 possent,
1648 1872 1845 1922 quominus

297 1992 348 2034 ⁶¹)
370 1994 535 2027 Demosth.
564 1994 594 2025 in
622 1992 807 2026 Aristocrat.
843 1991 884 2024 cf.
925 1991 1031 2025 Meier
1056 2001 1089 2024 et
1113 1991 1290 2025 Schamann
1320 1992 1343 2026 1.
1378 1993 1432 2026 cit.
1470 1993 1636 2028 15—18.
1679 1991 1757 2030 146.
1783 1996 1848 2028 300

371 2042 495 2073 —310
513 2058 551 2065 —
565 2043 604 2073 32
617 2052 644 2072 ι.
673 2040 753 2073 3¹5.
779 2055 828 2062 —
853 2036 941 2072 κατὰ
958 2036 1021 2072 τὸν
1039 2035 1147 2082 νόμον
1170 2035 1236 2082 τὴν
1259 2037 1371 2084 φυγὴν
1393 2035 1574 2083 &nouenae
1586 2041 1751 2075 Demosth.
1777 2042 1800 2076 1.
1817 2053 1847 2074 c.

373 2088 471 2122 Hom.
497 2087 614 2131 Odyss.
639 2087 730 2122 Xlll.
757 2100 786 2123 V.
815 2089 894 2130 259.
932 2087 1027 2122 XIV.
1067 2089 1147 2121 380.
1172 2086 1267 2121 Jliad.
1302 2085 1433 2124 XXIII.
1464 2101 1494 2121 v.
1523 2090 1580 2130 86,
1606 2085 1740 2124 XXIV.
1765 2088 1846 2129 480.

374 2137 452 2169 Hes.
478 2144 556 2168 scut.
582 2135 713 2169 Hercul,
741 2139 797 2169 82.
833 2135 982 2179 Aeschyl.
1008 2136 1116 2180 suppl.
1143 2138 1265 2178 7—8.
1291 2136 1398 2170 Schol.
1423 2135 1464 2169 ad
1488 2136 1643 2182 Sophoel.
1697 2127 1860 2183 Hyppol.⁴

370 2183 492 2217 Mffller
515 2183 622 2216 Dorer
645 2181 670 2215 Ι.
699 2182 778 2220 334.
