1981 2540
830 101 1150 145 ...4-

177 213 257 248 tur,
305 203 472 255 Lipsius,
495 205 527 249 l⁴)
576 202 710 240 Ezech.
749 202 1020 254 spanhemius,
1044 205 1076 249 ὅ)
1121 197 1497 250 8·ωαε1.“Ροιίέουε;
1519 203 1555 253 ⁶)
1593 201 1762 248 'Pouet-J·
1773 204 1804 250 ⁷)

178 265 410 304 Chishullius
423 268 456 313 ⁸)
482 275 519 303 et
544 265 917 316 Wachsmuthiusfl).
969 265 1219 317 Permagnum
1250 264 1366 317 igitur
1400 278 1602 306 nnmerum
1632 279 1711 305 esse
1743 279 1806 305 eo-

177 342 281 373 rum,
307 329 374 379 qui
399 327 447 365 de
472 327 703 366 Graecorum
717 326 825 377 asylis
842 328 1105 373 disseruerint,
1130 338 1231 366 certe
1246 340 1376 366 eorum
1393 329 1624 366 mentionem
1640 320 1809 373 fecerint]

179 391 248 427 etsi
274 399 439 435 constat,
464 390 562 426 hanc
588 399 712 426 tamen
737 402 838 433 rem,
865 403 976 440 quam
990 389 1170 441 equidem
1183 388 1432 442 indagandam
1444 390 1636 441 proposui,
1660 390 1811 443 neglec-

179 462 255 490 tam
296 465 376 490 esse
416 451 688 492 contenderim.
713 455 763 497 *).
824 452 920 489 Nam
951 451 1006 489 illi
1036 453 1107 490 viri
1141 451 1243 491 docti
1274 452 1413 504 partim
1445 451 1678 490 Graecorum
1711 453 1812 504 asyla

179 514 303 552 obiter
328 524 470 552 tantum
497 515 717 564 attigerunt,
742 510 843 550 velut
867 514 896 550 ii
921 513 999 550 sere
1023 526 1174 558 omnes,
1199 514 1267 564 qni
1279 513 1347 551 illo
1368 512 1492 552 seculo
1506 513 1565 551 vel
1582 524 1811 552 accusatores

181 575 239 614 vel
265 576 416 628 patroni
440 575 627 626 asylorum
654 576 888 620 exstiterunt,
921 575 1058 627 partim
1078 573 1126 612 *ea
1151 583 1296 613 tantum
1320 574 1437 627 asyla,
1463 588 1559 631 quae
1583 575 1746 627 quadam
1769 576 1813 628 in

179 638 298 683 urhe,
321 646 366 674 ut
392 637 566 682 Athenis,
604 637 662 674 vel
687 637 848 687 singulis
872 637 914 674 in
940 636 1339 693 ‘Graeciae'partibuh
1367 646 1411 675 ut
1437 637 1480 674 in
1513 637 1626 691 Asiae
1654 637 1813 679 minoris

179 711 247 739 ora
258 727 270 746 ,
294 705 561 751 praetereaque
586 711 675 737 eum
699 709 844 738 tantum
869 698 1097 750 templorum
1121 712 1188 737 sen
1203 695 1392 751 asylorum
1414 707 1570 751 statum,
1594 699 1719 751 qualis
1743 700 1816 749 fuit

181 761 347 813 quadam
372 770 508 806 aetate,
547 771 585 799 et
609 774 651 798 ea
686 762 841 813 quidem
874 762 1101 813 praecipue,
1134 775 1210 812 qua
1245 757 1319 803 huc
1349 762 1563 799 institutum
1592 761 1707 813 plane
1738 771 1817 800 erat

180 833 424 876 corruptum,
450 823 828 875 comprehenderunt,
877 823 996 862 Nemo
1020 837 1109 862 vero
1132 823 1342 871 invenitur,
1366 823 1454 875 qui,
1478 821 1690 875 qualehoc
1711 824 1819 863 iasti-

181 894 303 924 tutum
336 886 528 936 prioribus
563 885 794 923 Graecorum
829 885 1061 935 temporibus
1092 885 1223 930 fuerit,
1255 893 1294 923 et
1307 883 1516 936 'quomodo
1548 897 1623 935 per.
1654 884 1817 923 diversas

182 956 318 985 aetates
343 946 391 985 sit
415 947 674 993 immutatum,
709 944 897 995 docuerit3
929 960 1025 999 quae
1055 947 1115 985 via
1150 947 1301 990 siesset
1323 947 1437 994 inita,
1471 947 1597 999 ipsum
1630 945 1816 999 asylorum

178 1021 322 1047 nomen
345 1010 552 1059 posteriore
584 1008 735 1045 demum
764 1019 880 1046 aetate
909 1019 995 1059 post
1030 1008 1281 1046 Alexandrum
1303 1007 1492 1047 mortuum
1514 1009 1618 1060 apud
1648 1009 1813 1048 Graecos

179 1080 377 1121 receptum
421 1083 500 1107 esse
536 1083 607 1108 nec
637 1070 744 1122 prius
780 1069 906 1108 locum
936 1070 1025 1107 huic
1049 1070 1170 1109 fuisse
1200 1070 1435 1128 intellectum
1473 1081 1568 1109 esset
1593 1083 1670 1111 n-ec
1705 1071 1816 1110 tantis

182 1132 412 1170 Graecorum
437 1131 535 1182 asyla
565 1133 758 1182 implicata
794 1142 915 1170 essent
945 1133 1147 1171 erroribus.
1174 1120 1337 1178 Quantis
1356 1145 1444 1170 vero
1470 1127 1701 1170 Graecorum
1715 1132 1815 1183 asyla

178 1205 258 1231 non
283 1193 443 1231 solum
431 1207 473 1229 ιιι
499 1193 685 1237 tenebris,
711 1192 777 1230 sed
802 1194 913 1230 etiam
938 1194 980 1230 in
1006 1193 1198 1230 erroribus
1215 1203 1253 1231 et
1267 1193 1490 1232 nominatim
1511 1206 1642 1232 eorum
1659 1193 1760 1245 origo
1779 1202 1817 1231 et

180 1266 343 1294 mutatus
375 1256 525 1293 mutatis
555 1256 787 1308 temporibus
819 1266 933 1294 status
973 1257 1190 1293 etiamnunc
1217 1265 1429 1301 versentur,
1477 1268 1548 1306 nos
1585 1254 1702 1310 latere
1736 1266 1815 1293 non

179 1319 341 1368 poterit,
366 1319 398 1355 si
422 1308 722 1366 cognoverimus,
752 1317 879 1368 quales
904 1316 1057 1355 illorum
1084 1318 1250 1354 virorum
1275 1330 1407 1366 magna
1437 1330 1542 1368 pars,
1566 1316 1750 1369 imprimis
1775 1317 1816 1363 ii,

182 1380 250 1430 qui
275 1379 344 1416 illo
369 1379 496 1417 seculo
522 1378 569 1416 de
594 1379 705 1429 asylis
730 1380 980 1430 scripserunt,
1005 1380 1165 1416 maxime
1191 1392 1235 1416 eo
1260 1378 1371 1416 huius
1397 1379 1557 1421 instituti
1582 1388 1699 1424 statu,
1725 1392 1820 1430 qua-·

181 1440 230 1478 lis
255 1441 406 1479 Tiherio
431 1450 611 1492 regnante
636 1441 718 1485 suit,
744 1440 894 1492 decepti
921 1441 1112 1479 attulerint
1136 1436 1359 1492 opiniones.¹
1395 1441 1580 1479 Omnium
1599 1442 1703 1479 enim
1726 1440 1817 1479 illo-

180 1515 268 1540 rum
292 1503 456 1541 virorum
464 1530 476 1549 ,
511 1503 578 1554 qui
611 1502 678 1540 illo
710 1504 837 1541 seculo
872 1503 920 1540 de
952 1503 1061 1555 asylis
1095 1502 1315 1541 disserentes
1340 1502 1389 1541 de
1415 1503 1642 1543 Graecorum
1667 1514 1817 1554 quoque

229 1626 263 1670 ¹²)
289 1627 326 1660 In
351 1627 456 1660 Taciti
481 1627 583 1661 annal
607 1627 664 1662 lib.
692 1625 748 1663 111.
776 1640 804 1661 c.
831 1630 996 1662 60—63.
1023 1636 1091 1660 not.

230 1674 262 1716 ⁵)
287 1675 439 1709 Ezechiel
448 1675 898 1721 Spanhcmmsdepraestanua
910 1685 941 1709 et
950 1688 1010 1709 usu
1030 1676 1265 1709 numismatum
1276 1672 1357 1708 edit.
1371 1684 1436 1709 sec
1445 1672 1577 1709 Amstel.
1586 1672 1694 1709 Elsev,
1711 1673 1814 1717 ¹67¹

230 1719 267 1766 ⁶)
294 1723 475 1756 Comment.
502 1722 543 1755 ad
567 1723 654 1768 leges
682 1724 781 1756 Attio.
810 1723 866 1755 lib.
894 1724 917 1756 1.
943 1723 1012 1757 Tit.
1037 1723 1062 1754 1.
1088 1735 1123 1767 p.
1151 1725 1209 1766 78.

229 1770 262 1815 ⁷)
288 1770 519 1816 Archaeologia
547 1770 680 1805 Graeca.
706 1766 762 1803 Ill.
789 1770 828 1804 P
854 1770 953 1803 Halae
978 1769 1142 1833 Saxonum
1173 1782 1184 1802 t
1192 1772 1275 1814 776

231 1818 260 1860 ⁸)
286 1819 446 1864 Antiquit
473 1819 641 1851 Asiaticae.

232 1865 265 1908 ⁹)
281 1865 463 1955 ἒεαεηίἷώι
496 1863 699 1909 &mahumet
734 1870 792 1901 nus
817 1867 881 1901 bem
920 1865 1161 1910 &tscbtepuntte
1195 1867 1246 1900 beo
1278 1864 1425 1902 &tactus
1476 1866 1509 1900 2
1540 1864 1602 1908 πθ.
1653 1860 1689 1899 4.
1721 1863 1812 1905 mm)

317 1916 370 1948 <1110
398 1914 504 1949 1830

232 1962 270 2002 *)
296 1961 414 1994 Utrum
439 1973 515 1993 vero
540 1961 648 1994 Simon
676 1973 730 1994 sur
756 1962 800 1994 les
826 1961 937 2006 ass-les,
963 1962 1076 2003 (Mem.
1103 1961 1144 1994 ‹le
1166 1958 1187 1993 l'
1213 1961 1313 1996 Acad.
1340 1960 1398 1994 des
1423 1957 1685 2000 Inscr.T.111.)
1718 1958 1811 1992 Alex.

279 2009 418 2043 Baebius
444 2005 514 2043 ubet
538 2011 581 2043 bie
606 2010 689 2051 wine
715 2011 844 2065 (Gilnsstt
870 2011 1018 2051 (Somnus.
1046 2012 1155 2053 5progr.
1182 2010 1287 2046 ffiteel.
1316 2009 1422 2051 1827)
1447 2017 1480 2041 et
1497 2007 1630 2041 Wallon
1656 2006 1701 2040 du
1726 2005 1813 2040 droit

281 2057 402 2101 ‹l’asyle
426 2053 535 2096 (Paris
557 2058 643 2099 ¹837
647 2059 670 2097 .)
695 2059 768 2090 huic
784 2059 831 2090 rei
857 2058 960 2089 lucem
986 2059 1168 2097 attulerint,
1195 2070 1253 2090 nec
1277 2070 1334 2097 ne,
1361 2069 1424 2089 non
1440 2055 1563 2097 babeo,
1588 2054 1671 2101 quid
1696 2053 1809 2095 dicam,

280 2117 402 2151 quum,
427 2104 486 2137 etsi
512 2115 606 2149 quam
640 2106 799 2137 maximam
832 2105 925 2149 potui
963 2117 1092 2150 operam
1118 2105 1281 2151 impendi,
1316 2114 1420 2139 tamen
1452 2104 1520 2138 fieri
1556 2115 1620 2138 nou
1652 2101 1809 2149 potuerit,

279 2162 311 2187 ut
339 2153 467 2187 illorum
492 2164 590 2198 opera
615 2152 646 2184 in
674 2164 782 2185 manus
807 2164 890 2185 meas
916 2154 1067 2188 venirent.
