1981 2540
185 266 272 317 pius
297 263 483 317 templum
505 277 583 302 non
608 273 690 305 tam2
707 262 942 313 supplicibus
967 262 1132 307 violatis,
1164 273 1279 312 quam
1313 261 1564 310 rebusssacris
1589 261 1718 301 ablatis
1743 261 1821 299 vio-

186 328 353 373 labatur,
385 341 530 378 ‘euram
564 327 612 372 ad
648 326 744 362 hanc
777 324 1188 375 davilappotissimum
1221 320 1399 367 tuendam
1421 323 1640 374 impendere
1668 332 1821 366 coacaet

187 400 288 429 sunt.
337 389 450 427 Unde
475 388 609 434 evenit,
633 397 675 424 ut
699 386 790 424 haee
817 385 1043 437 templorum
1069 386 1212 429 ἀσυλία,
1235 385 1304 422 etsi
1330 397 1405 428 nna,
1417 393 1562 422 tantum
1584 388 1697 424 totius
1716 400 1824 427 sano-

187 454 303 491 titatis
318 451 540 504 templorum
553 464 657 500 pars,
683 450 800 500 magis
816 451 1005 499 magisque
1022 449 1224 500 praecipue
1246 456 1476 499 spectaretur
1491 456 1529 484 et
1540 459 1626 484 mox
1644 448 1826 489 haeesola

189 516 231 552 in
247 528 310 552 ore
336 524 372 550 et
395 525 566 550 sermone
590 512 789 550 hominum
813 521 924 555 esset,
955 511 1081 561 itaque
1105 509 1177 547 hoc
1202 510 1295 561 asyli
1320 511 1374 547 ius
1393 523 1461 561 per
1481 509 1690 556 συνεκδοχὴν
1710 519 1825 548 totam

188 576 319 627 templi
344 576 598 619 sanctitatem,
625 576 736 611 etiam
761 575 817 610 ius
842 572 1031 623 supplices
1057 570 1187 608 tuendi
1210 571 1321 621 vulgo
1339 571 1563 623 significaret
1583 581 1695 623 atque
1720 584 1824 609 com·-

187 637 460 690 prehenderet,
493 648 605 689 atque
630 637 859 674 sanctissima
893 647 1063 686 quaeque
1099 634 1332 678 Graecorum
1366 635 1507 686 templa
1538 636 1822 672 nominarentur

189 701 303 753 asyla.
354 702 494 738 Annon
529 700 677 736 Tacitus
710 698 844 749 asyla
875 696 1062 735 statuendi
1086 696 1277 734 licentiam
1309 692 1421 748 atque
1458 697 1721 748 impunitatem
1754 711 1823 748 per

191 765 354 802 Graecas
390 764 500 799 urbes
543 763 698 799 crevisse
739 760 855 798 dicit?
928 763 1069 798 Verum
1103 769 1226 797 tamen
1258 772 1450 811 nunquam
1485 759 1589 797 locus
1623 760 1823 810 quisquam

192 826 286 878 asyli
311 828 368 863 ius
394 826 466 863 sibi
493 824 679 862 vindicare
703 825 852 875 potuit,
879 824 974 874 quin
1000 823 1102 860 hunc
1126 823 1289 860 eundem
1312 821 1437 860 locum
1461 821 1531 859 diis
1555 831 1823 865 consecratum,

192 899 361 926 sanctum
397 888 511 936 igitur
544 900 585 923 ac
618 886 835 936 religiosum
868 899 946 922 esse
980 895 1087 922 antea
1130 885 1296 935 agnitum
1329 897 1372 921 ac
1404 884 1686 934 comprobatum
1720 892 1825 923 esset,

192 951 289 987 Nam
314 950 488 986 sanctitas
513 949 659 991 ἀσυλίας
684 959 720 985 et
745 948 848 998 origo
875 957 912 984 et
936 961 1060 992 causa,
1096 945 1200 997 quod
1232 947 1307 983 iam
1334 945 1580 996 Spanhemius
1612 955 1713 982 recte
1745 958 1827 983 mo-

189 1013 295 1057 nuit,
319 1024 468 1061 semper
491 1011 573 1049 fuit.
626 1010 737 1055 Quod
763 1023 840 1045 esse
866 1022 1012 1052 verum,
1040 1010 1177 1059 cuique
1203 1007 1357 1045 omnino
1384 1006 1651 1057 persuadeatur
1675 1019 1825 1044 necesse

192 1084 266 1120 est,
291 1074 323 1111 si
348 1073 484 1123 legerit
508 1072 675 1116 decreta,
701 1084 797 1122 quae
822 1071 908 1108 Teii
933 1072 974 1108 in
999 1072 1080 1121 ipso
1102 1071 1212 1108 Asiae
1229 1069 1428 1115 medullio,
1454 1079 1495 1106 ut
1513 1070 1565 1106 ait
1582 1068 1825 1112 Chishullius,

192 1136 403 1173 habitantes
426 1134 651 1184 aPhiIippo,
679 1133 930 1169 Macedonum
954 1146 1058 1183 rege,
1084 1133 1130 1169 ab
1156 1132 1355 1177 Antiocho,
1381 1131 1513 1182 Syriae
1535 1143 1640 1183 reges
1681 1130 1728 1166 ab
1752 1131 1826 1166 Ae-

193 1197 277 1236 tolis
304 1207 341 1234 et
363 1197 529 1247 denique
552 1195 727 1232 Romanis
759 1194 919 1245 aliisque
951 1194 1102 1245 populis
1137 1195 1398 1246 impetrarunt.
1446 1193 1667 1232 Aetolorum
1698 1192 1826 1231 decre-

194 1272 292 1306 tum,
344 1272 441 1297 anno
492 1259 695 1295 centesimo
744 1258 966 1307 octagesimo
1017 1258 1174 1307 septimo
1208 1271 1241 1296 a.
1277 1257 1346 1293 Ch.
1372 1270 1410 1295 n.
1445 1257 1599 1300 datum,
1648 1256 1720 1292 hoc
1752 1265 1824 1292 estz

190 1323 377 1370 ςΥπάρχειν
419 1322 457 1357 δὲ
498 1320 617 1362 αὖτοῒς
651 1319 746 1366 παρὰ
785 1323 855 1355 τῶν
890 1320 1061 1355 Αἰτωλῶν
1096 1321 1160 1360 τᾶς
1196 1331 1232 1354 τε
1266 1316 1476 1361 nol-cosmi
1510 1321 1574 1360 τᾶς
1604 1317 1725 1365 χώρας
1762 1315 1827 1354 τὰν

195 1385 377 1433 ἀνιέρωσιν
400 1384 457 1420 καὶ
489 1383 647 1420 ἀσυλίαν.
696 1381 951 1418 Romanorum
989 1379 1181 1416 decretum
1215 1379 1417 1416 centesimo
1448 1380 1688 1430 nonagesimo
1721 1379 1827 1416 tertio

198 1460 296 1484 anno
319 1460 352 1484 a.
380 1445 450 1484 Ch.
475 1458 513 1483 n.
540 1443 668 1481 datum
700 1443 772 1480 hoc
805 1452 875 1480 est:
925 1441 1069 1483 Urbem
1101 1451 1258 1478 vestram
1292 1450 1329 1477 et
1361 1441 1555 1491 regionem
1586 1453 1747 1485 sacram,
1787 1449 1829 1477 ut

196 1521 300 1545 nunc
326 1517 395 1552 est,
434 1506 668 1544 decernimus
691 1504 905 1542 habendam
939 1502 1173 1554 inspoliatam
1198 1512 1235 1540 et
1258 1503 1401 1541 ratione
1422 1502 1558 1553 populi
1576 1502 1734 1539 Romani
1762 1504 1827 1540 tri-

197 1565 289 1607 buto
315 1571 531 1607 immunem.
596 1569 730 1615 Cetera
755 1568 903 1603 decreta
927 1565 1006 1602 fere
1031 1564 1163 1602 iisdem
1189 1565 1308 1602 verbis
1334 1574 1512 1615 concepta
1544 1562 1643 1615 legas
1689 1576 1826 1615 quaeso

198 1631 302 1684 apud
328 1630 514 1669 Chishull.
540 1632 614 1678 ¹2²).

902 1745 964 1801 ξ.
1017 1743 1129 1791 IV.

343 1847 425 1884 Nec
456 1857 545 1883 vero
580 1844 671 1880 haec
705 1843 902 1879 hominum
933 1843 1131 1879 auctoritas
1163 1839 1320 1877 deorum
1350 1837 1488 1890 templa
1512 1838 1553 1875 in
1578 1838 1769 1892 antiquam
1794 1848 1831 1876 et

201 1910 247 1948 ab
270 1910 375 1948 omni
399 1908 540 1945 iniuria
564 1915 682 1944 tutam
707 1905 934 1942 sanctitatem
961 1905 1157 1941 restituere
1187 1901 1313 1940 valuit.
1361 1901 1457 1939 Nam
1481 1900 1613 1951 religio
1641 1913 1684 1937 ex
1709 1901 1830 1939 homi-

201 1973 296 2009 num
320 1973 453 2012 animis
477 1983 548 2022 per
572 1981 704 2020 pravas
729 1967 949 2018 cupiditates
976 1978 1093 2016 quum
1118 1974 1210 2001 esset
1235 1964 1447 2015 exstirpata,
1481 1976 1555 2014 qua
1584 1961 1662 1999 ulla
1694 1962 1764 2000 alia
1789 1963 1830 1999 in

202 2045 340 2072 ancora
363 2032 458 2069 ultra
481 2032 552 2070 hoc
576 2032 787 2069 institutum
811 2030 897 2068 satis
922 2028 1031 2066 firma
1055 2027 1251 2066 consistere
1275 2025 1443 2079 poterat?
1493 2025 1632 2063 Annon
1656 2026 1697 2062 in
1733 2038 1829 2062 sem-

273 2195 341 2247 ¹²¹)
368 2196 531 2244 Antiquit.
555 2194 664 2230 asiaca
692 2206 753 2230 zoa
768 2196 882 2232 —38.
