1981 2540
164 241 220 279 vis
242 240 325 278 iure
350 237 539 290 potentior
563 235 687 274 omnia
710 234 1000 273 administrat-etz
1049 242 1130 270 tum
1158 245 1308 271 necesse
1356 242 1434 270 erat
1456 234 1599 284 saepius
1623 233 1782 280 evenire,

163 312 207 341 ut
229 300 288 340 vel
312 301 360 346 ii,
387 312 548 351 quorum
571 311 630 335 res
653 310 731 336 non
755 306 849 335 esset
872 297 1043 347 superior
1065 295 1125 334 vel
1148 296 1194 341 ii,
1221 296 1359 347 quibus
1377 304 1507 334 contra
1525 307 1648 345 saevos
1660 296 1782 334 hostes

162 363 262 403 nihil
285 363 327 399 in
352 363 433 399 iure
455 360 635 413 praesidii
660 369 770 403 esset,
801 360 844 394 in
868 359 1026 394 deorum
1050 358 1188 407 templa
1210 359 1467 409 confugerent.
1516 358 1709 408 Denique,
1744 367 1787 394 ut

160 438 244 463 rem
266 418 427 476 breviter
449 422 761 474 complectamur,
786 419 928 457 etiamsi
953 431 996 455 ea
1019 419 1253 469 potissimum
1277 420 1469 473 exempla,
1506 419 1574 457 ubi
1598 417 1787 471 supplices

162 486 289 525 violati
313 488 411 531 sint,
451 500 473 523 a
504 497 632 533 rerum
653 482 897 533 scriptoribus
939 480 1071 517 litteris
1109 481 1280 518 mandata
1311 496 1388 519 esse
1420 482 1579 520 concedi
1604 491 1786 532 oporteat,

162 548 235 588 hoc
259 558 381 587 tamen
406 546 575 586 divinum
599 546 658 583 ius
683 543 783 597 quod
801 542 990 595 supplices
1024 552 1121 580 tutos
1151 550 1353 594 praestaret
1381 544 1455 580 iam
1490 543 1579 581 inde
1613 543 1660 581 ab
1690 545 1788 581 anti-

163 611 246 662 quis
269 610 500 659 temporibus
523 609 670 660 saepius
694 609 871 646 violatum
895 619 973 644 esse
997 606 1126 657 negari
1145 618 1226 659 non
1243 614 1379 656 potest.
1427 605 1568 655 Utique
1592 607 1701 644 etiam
1726 619 1786 644 res

160 672 412 711 sanctissimae
442 671 488 709 ab
524 670 738 709 hominibus
771 668 1017 709 contaminari
1047 680 1091 705 ac
1126 666 1325 718 depravari
1354 665 1487 704 solent.
1553 667 1787 718 Quamquam

161 735 234 772 hoc
262 744 317 772 est
345 734 623 777 confitendum,
660 733 732 769 hae
764 740 879 768 aetate
911 744 1030 780 usque
1063 729 1111 767 ad
1144 730 1291 767 bellum
1323 728 1678 781 peloponnesiacum
1708 743 1785 767 non

166 806 241 834 tam
265 809 378 848 prava
401 805 512 846 atque
535 795 576 830 in
602 793 695 831 deos
714 792 828 843 impia
852 801 992 836 mente,
1026 805 1137 842 quam
1169 792 1294 842 potius
1319 792 1437 828 subita
1463 792 1541 827 irae
1565 803 1608 828 ac
1632 791 1703 828 sibi
1729 792 1787 827 in-

163 858 405 909 temperantis
431 854 646 906 cupiditatis
671 855 708 892 vi
755 853 925 891 homines
951 852 1110 890 Graecos
1136 863 1259 903 raptos
1285 866 1362 890 esse
1388 863 1425 891 et
1448 852 1604 899 ablatos,
1628 862 1672 891 nt
1694 863 1788 891 tem-

161 919 314 970 plorum
338 918 566 955 sanctitatem
590 917 822 966 negligerent
846 924 957 966 atque
981 914 1072 951 adeo
1097 915 1144 950 ab
1169 916 1241 951 aris
1273 915 1385 951 sacris
1417 914 1606 965 supplices
1639 915 1788 967 abripe-

162 989 249 1019 rent
272 980 332 1019 vel
357 981 470 1018 etiam
493 979 543 1018 ad
572 993 632 1018 eas
657 977 895 1016 trucidarent.
945 977 1081 1014 Nonne
1117 989 1162 1013 ex
1198 989 1241 1013 eo
1273 976 1376 1026 quod
1406 985 1443 1013 et
1465 990 1524 1013 res
1549 977 1715 1016 adversas
1741 991 1786 1017 ao

162 1056 288 1093 graves
312 1042 568 1087 calamitates,
592 1043 624 1080 si
645 1040 868 1091 religionem
893 1038 1067 1077 violatam
1091 1046 1353 1088 sequerentur,
1385 1050 1524 1088 poenas
1557 1050 1635 1075 esse
1667 1053 1688 1075 a
1712 1039 1785 1077 diis

161 1106 264 1144 iratis
287 1105 470 1144 immissas
494 1103 603 1155 vulgo
637 1103 838 1149 ducebant,
863 1110 901 1139 et
925 1114 1007 1146 eos,
1039 1101 1106 1152 qui
1138 1099 1374 1151 supplicibus
1420 1112 1499 1137 non
1529 1111 1788 1151 pepercerant,

161 1168 290 1216 ἐναγεῖς
324 1162 510 1205 habebant
535 1168 737 1218 *patriaque
762 1175 859 1204 terra
883 1162 1114 1214 expellebant
1151 1172 1262 1213 atque
1299 1161 1392 1199 adeo
1425 1175 1556 1200 eorum
1582 1176 1662 1200 ossa
1688 1174 1787 1202 trans

163 1229 256 1266 fines
281 1229 481 1275 iaciebant,
505 1241 577 1266 nec
599 1224 723 1267 minus
749 1240 795 1264 ex
819 1238 882 1271 eo,
909 1224 1013 1277 qnod
1037 1224 1209 1274 Apollini
1226 1224 1380 1274 Pythio,
1405 1225 1549 1262 iubenti
1572 1226 1786 1277 supplicem

163 1293 327 1336 restitui,
352 1292 457 1329 dicto
479 1290 670 1329 audientes
695 1298 821 1334 erant,
853 1289 939 1325 satis
973 1286 1186 1337 intelligere
1222 1299 1439 1336 possumus,
1474 1301 1588 1338 quam
1618 1299 1786 1327 sanctum

164 1352 514 1405 atque‘inviolabile
537 1353 594 1389 ius
619 1351 719 1389 illud
743 1350 910 1388 divinum
934 1350 1004 1386 hac
1028 1357 1144 1385 aetate
1167 1348 1365 1385 hominum
1389 1348 1522 1385 animis
1552 1349 1787 1389 inhaereret?

142 1466 147 1468 Π
171 1416 348 1454 Ceterum
371 1414 414 1452 id
439 1414 544 1466 quod
575 1414 692 1451 nimio
724 1413 802 1450 irae
833 1412 976 1450 fervore
1006 1411 1152 1448 incensi
1184 1419 1222 1448 et
1254 1411 1466 1447 animorum
1502 1411 1791 1462 intemperantia

167 1478 336 1529 oppressi
361 1475 593 1527 templorum
609 1475 840 1513 sanctitatem
864 1472 1119 1525 neglexerunt,
1143 1473 1267 1509 minus
1294 1472 1448 1510 Graecis
1472 1473 1624 1510 crimini
1647 1484 1791 1514 vertere

169 1538 366 1581 debemus,
392 1537 481 1586 quia
504 1537 606 1573 bunc
638 1534 800 1572 eundem
835 1535 1073 1573 fervidiorem
1105 1535 1315 1571 animorum
1352 1533 1526 1572 ardorem
1559 1534 1790 1577 Graecorum

169 1609 208 1637 et
229 1599 414 1651 imprimis
439 1597 724 1633 Atheniensium
756 1595 822 1632 illa
857 1598 1017 1633 maxime
1048 1595 1203 1633 iuvenili
1235 1604 1353 1632 aetate
1384 1596 1582 1647 proprium
1609 1597 1722 1636 fuisse
1751 1610 1790 1637 et

169 1662 310 1713 patriae
333 1673 376 1698 ae
399 1659 581 1697 libertatis
606 1671 735 1697 amore
755 1671 832 1695 esse
856 1659 1126 1695 inflammatum
1150 1667 1188 1696 et
1211 1670 1255 1695 eo
1290 1657 1519 1710 plerumque
1551 1660 1790 1700 coniunctum

169 1723 281 1762 fuisse
304 1731 566 1775 praetereaque
592 1721 923 1772 tam,magnanima
944 1719 1108 1758 facinora
1132 1733 1347 1772 procreasse
1381 1734 1424 1758 ac
1455 1731 1530 1759 tam
1555 1722 1788 1773 praeclarum

171 1786 379 1824 litterarum
404 1795 443 1823 et
466 1785 601 1822 artium
625 1784 755 1821 florem
780 1783 967 1834 expulisse
991 1782 1093 1820 haud
1118 1784 1343 1834 ignoramus.
1392 1784 1521 1835 Neque
1536 1785 1644 1822 etiam
1668 1799 1789 1837 usque

172 1848 220 1887 ad
242 1849 384 1888 bellum
409 1847 763 1900 peloponnesiacum
787 1847 815 1883 ii
840 1846 982 1884 inventi
1005 1855 1113 1891 sunt,
1155 1846 1223 1898 qui
1248 1844 1403 1882 deorum
1428 1844 1562 1896 templa
1584 1847 1792 1898 expilarent

172 1921 209 1948 et
232 1924 292 1948 res
315 1924 434 1949 sacras
458 1911 500 1947 in
523 1922 632 1946 suum
657 1917 915 1946 converterent
939 1921 1046 1945 usum
1068 1907 1132 1952 ⁶²).
1190 1908 1274 1945 Nisi
1298 1907 1390 1944 sorte
1415 1908 1456 1944 iu
1481 1907 1660 1947 auxilium
1684 1924 1792 1951 vocas

173 1972 399 2023 Cyrrhaeos,
425 1972 491 2023 qui
517 1972 645 2023 utique
669 1984 800 2022 agrum
824 1980 1071 2021 occuparunt,
1104 1970 1171 2020 qui
1203 1978 1281 2007 erat
1313 1968 1444 2020 templi
1477 1969 1665 2022 Delphici.
1715 1973 1792 2012 Sed

242 2139 295 2187 ⁶²)
318 2141 460 2180 Boeckh.
484 2140 566 2178 Oce.
590 2141 704 2199 athen.
727 2139 769 2181 Π.
790 2138 867 2180 ¹4²·
