1981 2540
819 137 1140 181 ...9.-

170 239 298 277 Alcini
323 238 409 277 fauo
434 237 660 284 exciderant,
686 234 879 275 accusante
896 236 1017 275 Pithi-
1040 235 1228 288 ¹quodam‚
1258 236 1425 282 damnati
1450 249 1540 285 sunt
1564 239 1613 279 ad
1637 239 1802 293 singulos

171 316 243 354 pro
269 301 424 352 singulis
458 300 567 338 vallis
598 310 749 338 stateres
780 299 1090 337 in.hoe··fanum
1113 299 1320 339 solvendos*
1337 303 1394 346 ι0).
1446 302 1586 353 Magno
1611 313 1804 356 praeterea

173 365 284 401 huius
309 365 365 400 rei
392 364 616 401 documento
649 371 737 407 sunt
763 362 928 407 Boeotii,
961 362 1029 413 qui
1062 369 1179 414 quum
1204 361 1447 400 Athenienses
1470 372 1597 402 octavo
1621 364 1713 404 belli
1737 377 1804 418 pe-

173 427 430 478 loponnesiaci
463 438 560 462 anno
602 423 778 469 Delium,
815 424 1087 461 sanctissimum
1118 424 1308 475 Apollinis
1349 424 1531 476 templum
1570 426 1613 463 in
1651 427 1805 466 Boeotia

174 491 301 534 situm,
327 486 518 525 castellum
543 486 729 530 fecissent,
760 498 904 522 summo
930 486 977 522 iis
1002 486 1181 522 verterint
1204 487 1372 531 crimini,
1398 486 1500 537 quod
1525 486 1597 524 hoc
1621 488 1805 540 templum
1869 504 1872 507 ⁵

173 564 282 590 muro
307 537 664 593 circumdedissent,
698 547 836 584 aedem
854 559 978 598 ipsam
1003 546 1295 592 destruxissent,
1329 562 1448 586 sacras
1473 549 1562 587 vites
1585 549 1806 588 excidissent

175 625 211 652 et
235 625 490 664 quaecunque
511 611 557 648 ab
583 610 795 657 hominibus
819 610 862 646 in
885 609 984 647 loco
994 605 1156 660 plosan'o
1179 609 1348 660 (βεβήλῳ)
1370 610 1527 656 fierent,
1558 611 1600 648 in
1631 609 1695 650 illo
1720 611 1806 650 fano

174 677 369 720 fecissent,
402 681 517 724 atque
547 673 640 710 adeo
676 686 811 723 aquam
842 670 1001 716 sacram,
1036 684 1150 722 quam
1174 664 1281 708 nefas
1321 682 1416 710 esset
1449 681 1629 724 tangere,
1655 675 1728 712 nisi
1760 673 1807 711 ad

174 737 411 776 abluendas
400 750 441 775 ιιι
467 735 700 772 sacrificium
706 747 849 778 manus,
874 734 915 769 in
940 732 1030 770 alios
1055 745 1142 770 usus
1167 733 1384 772 hausissent
1431 736 1529 772 Πᾶσι
1554 735 1635 783 γάρ,
1661 733 1807 773 adiece-

178 810 269 838 runt
294 799 449 842 Boeotii,
488 796 573 835 εἶναι
608 796 847 844 καθεστηκὸς,
886 795 1005 839 ἰόντας
1041 796 1095 833 ἐπὶ
1129 795 1196 844 τὴν
1226 795 1389 843 ,ἀλλήλων
1415 797 1525 845 ,ἱερῶν
1557 801 1628 835 τῶν
1662 798 1807 836 ἐνόντων

177 864 371 910 ἀπέχεσθαι
389 863 448 906 ¹⁵).
500 861 621 896 Tanta
646 872 764 909 quum
790 868 884 896 esset
909 857 1017 909 apud
1032 857 1194 896 Graecos
1219 859 1445 910 templorum
1468 862 1650 905 sanctitas,
1674 870 1717 898 ut
1730 873 1808 898 non

177 925 299 964 solum
324 924 366 960 in
390 936 475 967 sua,
509 920 577 959 sed
601 921 712 958 etiam
737 921 778 957 in
803 920 923 976 aliena
947 919 1006 958 vel
1032 919 1162 970 hostili
1186 930 1282 958 terra
1306 920 1331 958 d
1355 935 1461 961 orum
1496 922 1635 974 templa
1666 922 1808 961 violare

178 987 282 1030 nefas
306 994 413 1030 esset,
434 977 577 1021 suumin
593 991 677 1028 est,
691 993 735 1021 ut
755 972 940 1035 pecuniae
956 992 993 1021 et
1016 966 1213 1035 publicae
1211 989 1249 1022 et
1272 994 1433 1036 privatae
1454 985 1495 1027 in
1519 985 1667 1038 templis
1692 985 1807 1038 depo-

176 1058 370 1088 nerentur.
419 1047 667 1084 Athenienses
693 1047 795 1083 enim
821 1058 880 1083 eas
904 1045 1077 1097 publicas
1102 1047 1290 1098 pecunias,
1315 1037 1407 1099 Quas
1430 1046 1624 1100 populus
1613 1061 1654 1085 ιιι
1666 1049 1807 1087 aerario

139 1130 141 1132 ·
177 1110 332 1165 publico
357 1110 496 1162 deponi
521 1110 712 1154 iusserat,
726 1110 868 1156 ταμίαις
898 1123 971 1146 των
993 1108 1096 1157 {epm
1113 1108 1306 1157 χρημάτων
1337 1113 1402 1158 τῆς
1427 1105 1618 1158 Ἀθηναίας
1659 1109 1814 1157 tradere,

180 1176 378 1214 Minervae
401 1173 518 1223 igitur
541 1170 693 1209 credere
718 1183 785 1208 seu
810 1170 918 1222 quasi
943 1169 1161 1207 consecrare
1192 1170 1363 1211 solebant
1390 1172 1451 1217 ¹⁶).
1510 1173 1558 1210 Et
1589 1172 1813 1218 Clisthenes,

178 1236 243 1274 ille
274 1235 541 1273 celeberrimus
574 1227 833 1277 Atheniensis,
867 1231 1006 1269 Iunoni'
1036 1231 1200 1278 Samiae,
1241 1231 1361 1284 quum
1401 1234 1515 1271 rebus
1546 1235 1695 1272 timeret
1725 1236 1814 1279 suis,

180 1298 349 1336 filiorum
380 1296 486 1334 dotes
516 1289 679 1333 credidit
711 1304 749 1332 et
780 1292 994 1345 Alexander
1029 1303 1186 1347 magnus
1211 1292 1428 1345 'pecuniut'n
1468 1297 1510 1333 in
1545 1295 1682 1334 Cilicia
1714 1288 1815 1349 aliud

180 1360 291 1400 solos
323 1360 364 1396 in
389 1357 549 1395 delubro
575 1356 788 1408 deposuisse
812 1356 954 1394 dicitur
978 1357 1035 1402 ¹⁷).
1084 1356 1197 1394 Recte
1230 1350 1347 1408 igitur
1373 1357 1555 1413 Cicero-l.
1580 1360 1607 1399 i.
1638 1372 1671 1400 c.
1700 1359 1815 1403 dixitt

180 1420 398 1473 „Sacrilego
432 1432 556 1473 poena
586 1429 642 1458 est
673 1432 798 1472 neque
831 1420 866 1457 ei
898 1419 987 1466 soli,
1018 1421 1085 1472 qui
1119 1434 1282 1462 sacrum.
1297 1423 1506 1470 abstulerit,
1531 1423 1598 1462 sed
1623 1425 1734 1464 etiam
1759 1427 1814 1472 ei,

181 1489 251 1540 qni
275 1499 378 1524 sacro
404 1482 726 1530 commendatum,
759 1484 863 1536 qnod
896 1493 934 1522 et
956 1496 1059 1522 nnnc
1091 1484 1210 1523 multis
1244 1486 1287 1524 fit
1310 1485 1442 1524 fanis.“
1466 1507 1514 1517 —·
1546 1488 1705 1526 Tantam
1729 1500 1816 1542 ergo

181 1549 314 1600 religio
344 1548 445 1598 apud
476 1547 640 1585 Graecos
670 1545 847 1585 deorum
861 1546 1012 1601 templis
1045 1563 1163 1600 quum
1203 1542 1424 1607 attribueret
1457 1552 1725 1609 sanctitatem,
1744 1553 1817 1606 hoc

181 1612 388 1652 necessario
420 1621 588 1649 secutum
612 1622 689 1658 est,
721 1621 765 1650 ut
797 1612 970 1650 homines
1003 1619 1175 1674 quoque,
1208 1623 1246 1651 et
1270 1613 1298 1650 ii
1330 1599 1507 1664 quidem,
1540 1614 1608 1663 qui
1633 1626 1703 1659 nec
1727 1615 1818 1660 civi-

184 1677 270 1714 tatis
308 1674 456 1724 legibus
489 1686 561 1710 nee
592 1674 658 1710 alii
680 1674 888 1725 hominnm
928 1672 1063 1722 tutelae
1100 1675 1268 1732 amplius
1312 1666 1564 1721 confiderent,
1606 1674 1673 1713 sed
1714 1676 1818 1715 omni

184 1739 385 1777 hominum
411 1735 551 1774 auxilio
583 1747 661 1773 sese
693 1735 885 1787 destitutos
926 1728 1095 1774 viderent
1130 1751 1201 1774 nec
1234 1737 1307 1774 nisi
1343 1736 1444 1789 apud
1481 1727 1569 1776 deos
1609 1720 1818 1796 quidquam

189 1801 261 1839 sibi
293 1800 490 1839 crederent
522 1796 700 1836 relietum
735 1810 814 1835 esse
851 1791 1061 1849 praesidii,
1097 1795 1139 1835 in
1172 1793 1336 1837 ἀεοιιιιιι
1363 1799 1516 1862 templa
1557 1792 1817 1859 confugerent·

266 1934 310 1977 ω)
333 1935 483 1980 Thucyd
508 1930 711 1980 1115.c.70

262 1998 312 2044 ²⁵)
338 1998 489 2034 ‘shut-,vd
516 1996 575 2031 lv.
603 2011 660 2043 97.

263 2057 313 2108 ¹⁶)
338 2059 504 2147 Thuc55d4.
524 2056 837 2095 11.13.B0eckh.
877 2054 1001 2094 oecon.
1040 2059 1158 2095 Athen.
1196 2056 1226 2095 I
1260 2062 1303 2132 17
1309 2060 1340 2093 6.
1377 2058 1481 2093 Meier
1521 2067 1553 2092 et
1583 2037 1763 2122 Schiiniann
1796 2058 1817 2092 1.

338 2119 381 2143 012
451 2121 463 2141 2

269 2173 312 2216 ¹⁷)
338 2171 453 2207 Cicero
479 2170 521 2205 de
545 2169 672 2217 legibus
698 2166 745 2206 ῙΙ.
775 2172 828 2205 26
881 2168 934 2206 Cf.
959 2169 1154 2215 Xenophon.
1180 2169 1253 2205 hist
1281 2168 1396 2204 Graec.
1422 2166 1483 2202 Vi
1508 2168 1545 2202 C.
1570 2166 1604 2206 4.
1629 2167 1658 2208 §.
1689 2180 1720 2203 2.
