1981 2540
178 215 366 256 cederent.
417 214 613 258 Attamen,
639 225 756 264 quum
782 209 977 248 nobiscum
1011 208 1327 260 reputaverimus,
1361 224 1474 262 quam
1494 222 1532 250 et
1553 212 1593 258 ii,
1620 213 1688 264 qui
1711 213 1823 250 rebus

175 280 341 331 publicis
387 287 602 330 praeerant,
653 288 686 312 et
721 276 798 312 fere
830 285 960 310 omnes
997 271 1169 310 homines
1202 270 1377 308 avaritiae
1414 285 1457 309 ac
1502 272 1676 322 luxuriae
1702 282 1823 313 essent

178 341 318 388 dediti,
345 342 496 388 quantis
520 349 557 377 et
578 348 672 389 quot
695 334 996 374 contentionibus
1022 334 1310 381 ite-factionibus
1335 335 1499 377 civitates
1515 337 1617 376 inter
1641 352 1681 377 se
1703 351 1814 378 vexa.

183 416 335 450 rentur,
360 395 490 456 quales
514 402 680 452 denique
712 400 841 450 copiae
878 397 1130 436 conductitiae
1159 396 1257 435 bella
1288 406 1462 448 gererent
1484 399 1550 444 ⁷⁸),
1601 400 1670 438 hac
1705 410 1821 439 aetate

180 482 253 519 per
286 466 368 504 illos
401 466 477 501 fere
511 463 786 515 quinquaginta
817 476 933 500 annos
978 468 1144 508 (tautum
1173 462 1252 500 fere
1286 463 1465 515 temporis
1497 462 1692 520 interiaeet
1722 465 1822 503 inter

181 529 322 566 bellum
346 527 708 578 peloponnesiacum
731 536 771 562 et
794 526 945 563 tertium
969 533 1133 572 sacrum)
1169 537 1247 562 non
1270 526 1451 564 maiorem
1474 538 1605 563 eorum
1629 525 1816 576 exemplo-

181 604 288 635 rum,
339 602 435 640 qnae
466 589 692 639 religionem
727 601 792 625 seu
833 587 1047 639 supplicum
1090 587 1268 625 caedibus
1301 603 1370 627 seu.
1405 589 1610 640 sacrilegiis
1645 588 1822 628 violatam

183 652 398 696 ostendant,
421 665 500 688 esse
531 652 691 701 copiam,
716 663 813 687 sane.
828 664 894 688 nos
920 652 1051 689 mirari
1074 661 1168 690 esset
1200 664 1374 699 necesse,
1422 654 1498 690 nisi
1532 653 1626 691 haec
1645 653 1819 705 ¹plurima

183 714 377 753 oblivione
401 714 530 752 obruta
555 726 622 751 nos
648 713 696 751 ob
721 726 847 750 rerum
879 714 1069 752 inscitiam
1100 714 1262 765 effugere
1297 725 1399 752 recte
1428 715 1581 765 opinari
1611 718 1817 766 possemus.

186 780 378 825 Quantum
406 790 491 814 vero
517 778 592 813 iam
618 778 829 814 hae‘aetate
853 776 1048 827 religionis
1072 777 1178 815 nervi
1202 787 1324 815 essent
1355 777 1437 815 elisi
1451 786 1575 828 atque,
1601 790 1715 828 quam
1738 789 1821 815 cor·

183 851 295 892 rupta
321 855 363 878 ac
389 841 503 877 fracta
530 840 596 877 illa
622 841 694 876 iam
722 841 878 885 iaceret,
905 843 1015 880 tertio
1040 854 1143 879 sacro
1169 840 1270 880 bello
1293 843 1379 879 satis
1395 841 1588 891 cognitum
1604 850 1670 880 est.
1719 841 1821 878 The·

182 905 272 940 bani
298 904 419 946 enim,
458 915 534 938 non
560 911 602 937 ut
627 901 815 951 Apollinis
847 903 974 954 Pythii
998 902 1490 954 religionemdefenderent
1512 911 1552 945 et
1574 901 1820 949 vindicarent,

183 965 251 1004 sed
276 966 348 1002 hoc
374 975 518 1002 tantum
544 962 718 1007 oonsilio,
744 974 786 1001 ut
810 965 973 1003 inimicis
996 965 1254 1016 deprimendis
1278 979 1385 1003 suam
1403 966 1822 1016 ,augerentipotentiam

185 1039 222 1065 et
247 1028 504 1078 principatum
531 1027 643 1062 mtius
670 1025 850 1079 Graeciae
884 1027 956 1063 sibi
993 1027 1279 1074 confirmarent»,
1315 1027 1524 1065 Phocenses
1553 1036 1592 1064 et
1621 1026 1822 1078 Spartanos

188 1089 237 1128 ad
274 1089 503 1140 gravissimas
538 1100 675 1138 poenas
708 1086 988 1128 damnaverunt.
1039 1090 1142 1136 Quae
1171 1089 1243 1128 suit
1271 1088 1476 1127 multorum
1518 1102 1562 1126 ae
1601 1100 1822 1139 magnorum

189 1152 374 1199 scelerum
404 1160 442 1186 et
478 1150 662 1186 malorum
695 1162 810 1199 seges.
870 1150 1044 1201 Namque
1080 1150 1269 1202 Apollinis
1304 1150 1483 1202 Delphici
1518 1151 1821 1201 augustissimum

188 1213 389 1264 templum,
423 1213 530 1247 cuius
562 1224 687 1247 sacrae
729 1223 787 1247 res
828 1211 906 1247 fere
944 1212 1239 1262 innumerabiles
1273 1221 1311 1250 et
1339 1211 1453 1262 longe
1484 1212 1822 1262 praestantissimae

187 1286 308 1319 erant,
340 1289 362 1310 a
397 1270 600 1310 Philomelo
658 1273 782 1322 primo
813 1272 1067 1313 Phocensium
1106 1273 1203 1312 duce
1239 1283 1495 1325 occupatum,>
1524 1274 1571 1316 ab
1598 1274 1820 1316 Onomacho

188 1340 266 1376 eius
291 1338 428 1374 {tatere
453 1336 652 1371 maximam
677 1345 824 1384 partem
848 1344 885 1372 et
909 1349 930 1371 a
954 1337 1062 1372 tertio
1089 1336 1259 1375 frati-eet
1271 1336 1517 1376 Phocensiam
1541 1335 1639 1372 duee
1663 1335 1818 1386 Phayuo

190 1410 309 1444 totum
336 1407 390 1434 est
416 1395 664 1448 exspoliatum.
715 1397 857 1435 Decem
880 1409 950 1448 per
975 1409 1092 1435 annos
1116 1397 1189 1437 hoe
1212 1396 1356 1435 bellum
1380 1396 1543 1434 maxime
1574 1397 1738 1448 impium
1769 1410 1826 1439 eat

192 1471 355 1513 gestum,
382 1474 427 1496 ex
451 1460 563 1496 sacri-s
588 1460 777 1510 pecuniis,
803 1459 914 1506 vasis,
948 1459 1130 1504 coronis„
1149 1460 1278 1497 statuis
1311 1459 1518 1510 ceterisque
1549 1457 1679 1511 templi
1710 1459 1827 1498 dona-

194 1526 263 1562 riis
289 1523 425 1560 milites
450 1521 672 1560 conductitii
698 1521 896 1558 alebantur
921 1531 959 1558 et
975 1522 1067 1566 viri,
1092 1522 1229 1572 quibus
1242 1523 1282 1558 in
1301 1521 1452 1559 Graecis
1469 1521 1677 1559 civitatibus
1693 1535 1825 1573 magna

192 1597 271 1625 erat
295 1586 510 1628 auctoritas,
536 1597 657 1634 neque
682 1585 808 1620 minus
836 1596 965 1620 eorum
990 1596 1117 1620 uxores
1150 1583 1302 1633 largiter
1334 1581 1569 1620 donabantur
1603 1592 1724 1634 atque*
1740 1597 1825 1623 cor-

190 1648 482 1698 rumpebantur,
533 1647 623 1696 quiu
654 1646 768 1683 etiam
799 1646 1021 1682 meretrices.
1045 1646 1180 1689 sanctis
1212 1657 1346 1694 regum
1377 1643 1436 1681 vel
1467 1645 1660 1689 civitatum
1688 1645 1825 1692 donia,

191 1710 381 1761 imprimis
420 1708 567 1745 coronis
610 1717 759 1743 ornatae
794 1707 1137 1757 conspiciebantur.
1195 1705 1250 1743 Ut
1289 1706 1541 1754 Metapontini
1577 1705 1621 1743 id
1655 1707 1825 1757 pei-ferre

191 1786 234 1809 ac
260 1772 337 1823 pati
363 1770 482 1807 coacti
506 1778 604 1812 sunt,
630 1768 891 1805 cithariso-iam
908 1766 1095 1817 quandam
1117 1766 1221 1818 apud.
1245 1778 1326 1812 eos,
1351 1765 1454 1805 diem
1473 1765 1610 1804 festum
1634 1767 1826 1806 celebran-

193 1845 256 1880 tes,
290 1834 331 1870 in
359 1830 558 1883 publicum
582 1828 758 1880 prodire,
808 1842 852 1866 eo
883 1829 1072 1880 Apollinis
1102 1828 1283 1879 Delphici
1317 1827 1473 1866 donario
1499 1838 1688 1876 ornatam,
1721 1830 1824 1882 quod

194 1896 287 1933 haec
312 1896 439 1933 civitas
463 1893 551 1932 huic
576 1893 646 1931 deo
673 1890 762 1930 olim
788 1901 1065 1930 consecraverat
1088 1901 1200 1943 atque
1227 1890 1325 1930 dono
1348 1890 1513 1931 dederat.
1562 1891 1642 1930 Nec
1657 1892 1826 1932 Phocen—
1858 1923 1867 1932 .

197 1960 295 1996 sium
321 1958 479 2008 quisque
505 1970 549 1994 ex
576 1956 651 1994 illis
678 1956 789 1994 sacris
813 1956 945 2003 rebus,
977 1968 1073 2009 quae
1107 1955 1264 1993 maxime
1289 1953 1517 1999 arriderent,
1561 1955 1622 1993 vel
1643 1969 1713 2008 per
1738 1957 1824 2002 vim,

270 2129 321 2171 ⁷⁵)
345 2128 509 2162 Sehlosser
533 2128 555 2163 l.
580 2129 633 2162 cit.
662 2131 728 2161 228
756 2136 789 2161 et
814 2139 882 2173 seq.
